8107 5513
5516 317 6674 431 [$]eil pour en uo uer querre mar[$$]e uerõne
4338 362 5326 652 E nsi que uapasiiens ꝑ la a gaũ son si
4301 638 5317 891 Q uant pour mahõ q̾ est de char for[$]
4297 689 5280 932 a uons le roi des chieus en troublie
4297 771 5092 1006 n os emꝑes ẽ est des figures
4297 831 5335 1056 ⁊ nous ensoumes de lamor dieu seur
4301 900 5344 1134 e rois des chieus qui tout en lumines
4301 992 5340 1222 uꝰ nos uoeillses tel chose de moustrer
4298 1084 5374 1267 c auous puissons la sus el chie mõt̾
4278 1162 5344 1350 d e lem pereur uꝰ uoel auant ꝑler
4274 1245 5335 1415 c uns senescal auoir norri souef
4264 1327 5381 1511 g ais ot anon el mõde not sõper
6038 565 6333 872 T
6339 529 6875 640 out chil ⁊ torroes
6348 609 6967 704 celles aient beneiton
6372 673 6945 802 qͥ uorront as cout̾
6385 722 6994 875 [$] moi ceste chantou
6394 799 7004 955 o [$$$] na mot de faus
6400 894 6942 1032 ne de ꝯtrouuison
6415 977 7016 1124 [T] oute est de uraie
6415 1044 7089 1209 estore il ni a senoirnõ
6427 1145 7065 1286 e t p᷑ chou ẽ doit on
6431 1237 7043 1365 bñ entendre letou
6427 1307 7068 1470 de celin qͥ le dist ⁊ ẽ
6440 1427 6948 1558 fait mention
5542 1479 7040 1704 p lus doit plaire a oir ne face de charlon
5542 1575 6958 1782 qͥ espaingne ꝯ quist ensi que bñ set ou
5551 1686 6833 1883 ꝑ ses bons ch̾rs dont il auoit fuisson
5547 1782 6778 1966 n olant ⁊ oliuier ⁊ ogier le baron
5547 1860 6815 2035 ⁊ turpin la cheuesque ⁊ lecõ namlon
5560 1924 6953 2113 p lus furent de ualeur que dire ne puet on
5570 2016 6893 2209 c hilqui st̾ ore endroit ne ualent .i. boutõ
5560 2104 6999 2292 d e lor panche en crassier achescũs hẽguiso
5565 2214 6806 2393 s olas de dames ch̾̾r en ont labandon
5565 2278 6925 2467 o r larai diaus ester car auenir uoit on
5565 2388 6742 2572 q̾ ꝑles de fallis mãites fois anoion
5570 2457 6916 2673 ⁊ pour chou que ie sui de chou ẽ soupe chõ
5574 2540 6925 2751 c auoie ne uous aie de ma prologuison
5583 2623 6953 2820 uꝰ dirai chou dont mest sãs nule areseson
5574 2774 6916 3018 a utans le roi dauid ⁊ autans psallemo
5570 2871 6939 3105 f urent iuis empris mlt̾ les honneroit õ
5560 2977 6797 3192 o r sont il en sernage ⁊ en chaitiuison
5560 3064 6833 3261 c ar illedeseruirent li encrieme felon
5570 3133 6843 3362 p᷑ le fil dieu qͥ prisent ꝑnuit entraison
5551 3234 6944 3445 m lt̾ uilment lenmenerent a guise de larõ
5547 3303 6912 3532 i amais ne sera eure nen aient retracon
5551 3395 6884 3629 d e chou qͥl les copirent el uis ⁊ umentõ
5551 3473 6843 3702 p uis le mirent en crois il firent mespͥsõ
5486 3598 6774 3794 t itus la la ueng̾ cores en la chancõ
5542 3661 6788 3872 ⁊ mist iaus ⁊ lor t̾re en fu ⁊ en carbou
5533 3725 6948 3987 o nques nen daigna prendre auoir ne raecõ
5528 3836 6889 4065 a ins les fist trestous metr̾ agͣt destrucion
5476 3921 5677 4143 S
5677 3960 6884 4147 ignour or mentendes nel denes cõtredi̾e
5487 4075 6815 4313 o n lendoit ascout̾ uolentiers lematire
5668 4030 6795 4223 q̾ onq̃s ot chant̾ ceste chancon ou lire
5469 4157 6856 4424 c ar cest coument iuis furẽt mis amartire
5459 4222 6788 4493 ꝑ l em ꝑeur de roume qͥ leur moust᷑ sõ ire
5455 4313 6636 4584 i l ⁊ titus ses fis ⁊ cil de son empire
4719 4709 4885 4892 23e
6944 348 7045 450 83
7059 381 7137 496 83
