8107 5513
7242 206 7463 505 CII
4586 280 6838 500 Chi coumenche lestore des loherens. Ensi que .s. [$$]rins q[$]i su peres le dut piẽr [$$]
4600 395 6866 546 qui fu taions au loherent .h̾. chachierent les. sar̃r . apres la uenganche nostre singn᷑.
7252 505 7380 606 103
5717 1392 6452 1543 i aues de uapazianus
5537 1392 5744 1641 O
5744 1516 6657 1626 et de son fil le bon uasal titus
5560 1594 6801 1704 c om il nengierent ihũ crist de la sus
5570 1686 6746 1796 i uis en furent acel iour confondu
5565 1764 6755 1883 i amais la perte ne lor sera rendu
5570 1856 6902 1984 n entout le monde nen seront mes creu
5720 1941 6663 2070 ou roy titus segneur aue oi
5510 1966 5721 2150 D
5721 2012 6719 2150 et de son pere pazien le gentil
5565 2104 6824 2241 e t de helaiune chama tant ihũ cris
5570 2209 6677 2324 or uous dirai de leur frere seurin
5570 2283 6696 2402 t oute sa uie coument il se ꝯtint
5570 2361 6728 2485 ꝑ toutes t̾res cacha les sarrasins
5560 2448 6696 2595 q̾ nus nen puet durer encontre li
5556 2540 6466 2669 p la [$] [li]a ⁊ si[bar]on [a]usi
5556 2600 6930 2728 f ont faire auteus moustiers ⁊ cruchefis
5547 2692 6723 2811 c on quiert argent ⁊ auoir ⁊ or fin
5557 2784 6829 2909 m ais nen retient uaillant .i. paresis
5570 2852 6971 3004 a ins doune tout chiaus qui sont auoec li
5570 2940 6815 3078 e t qui uoet croire le roy de paradis
5567 3053 6706 3151 a uoir li doune ⁊ si le fait francir
5551 3124 6682 3261 g arder la terre ⁊ demorer enqui
5551 3211 6640 3353 e t qui nel fait sia le chief ꝑti
5565 3289 6916 3450 c hil qui dieu nainment il furẽt abaubi
5574 3399 6677 3537 e n fuie tournent ꝑ bos ⁊ ꝑ lairis
5570 3473 6833 3638 c hiens les en chasse qui est adieu amis
5701 3565 6774 3687 eurins cheuauce li preus ⁊ li senes
5539 3590 5713 3808 S
5711 3656 6621 3770 ⁊ coustentins ⁊florens ⁊ ydes
5560 3725 6824 3886 l i quens iehans qui dou latran est ues
5560 3826 6663 3969 e n femiens a[m]brousse ⁊ esmeres
5556 3909 6686 4052 p aien les f[ur]ent sarrasin ⁊ escler
5563 3990 6731 4131 c hil les enchachent les escus acoles
5570 4070 6902 4231 l anches sus fautre les frains abandonnes
5570 4185 6613 4295 uu idier leur font ꝑ forte le regne
5579 4245 6843 4405 d edens coulongne sunt sarrasin entre
4981 4759 5220 4961 42 a
