<?xml version="1.0" encoding="UTF-8"?>
<alto xmlns:xsi="http://www.w3.org/2001/XMLSchema-instance"
      xmlns="http://www.loc.gov/standards/alto/ns-v4#"
      xsi:schemaLocation="http://www.loc.gov/standards/alto/ns-v4# http://www.loc.gov/standards/alto/v4/alto-4-2.xsd">
  <Description>
    <MeasurementUnit>pixel</MeasurementUnit>
    <sourceImageInformation>
      <fileName>IT-TO0265_MSL_II_14_Tome_03_0063.jpg</fileName>
      
    </sourceImageInformation>
  </Description>
  
  <Tags>
    <OtherTag ID="BT5094" LABEL="LargeCapitalZone" DESCRIPTION="block type LargeCapitalZone"/><OtherTag ID="BT5020" LABEL="StampZone" DESCRIPTION="block type StampZone"/><OtherTag ID="BT5019" LABEL="RunningTitleZone" DESCRIPTION="block type RunningTitleZone"/><OtherTag ID="BT5018" LABEL="QuireMarksZone" DESCRIPTION="block type QuireMarksZone"/><OtherTag ID="BT5017" LABEL="NumberingZone" DESCRIPTION="block type NumberingZone"/><OtherTag ID="BT5016" LABEL="MarginTextZone" DESCRIPTION="block type MarginTextZone"/><OtherTag ID="BT5015" LABEL="MainZone#2" DESCRIPTION="block type MainZone#2"/><OtherTag ID="BT5014" LABEL="MainZone#1" DESCRIPTION="block type MainZone#1"/><OtherTag ID="BT5013" LABEL="DropCapitalZone" DESCRIPTION="block type DropCapitalZone"/><OtherTag ID="BT5012" LABEL="DigitizationArtefactZone" DESCRIPTION="block type DigitizationArtefactZone"/><OtherTag ID="BT5011" LABEL="DecorationZone" DESCRIPTION="block type DecorationZone"/><OtherTag ID="BT5010" LABEL="DamageZone" DESCRIPTION="block type DamageZone"/>
    <OtherTag ID="LT2497" LABEL="default" DESCRIPTION="line type default"/><OtherTag ID="LT3" LABEL="Correction" DESCRIPTION="line type Correction"/><OtherTag ID="LT2" LABEL="Numbering" DESCRIPTION="line type Numbering"/><OtherTag ID="LT1" LABEL="Main" DESCRIPTION="line type Main"/><OtherTag ID="LT1606" LABEL="InterlinearLine" DESCRIPTION="line type InterlinearLine"/><OtherTag ID="LT1605" LABEL="HeadingLine" DESCRIPTION="line type HeadingLine"/><OtherTag ID="LT1604" LABEL="DropCapitalLine" DESCRIPTION="line type DropCapitalLine"/><OtherTag ID="LT1603" LABEL="DefaultLine" DESCRIPTION="line type DefaultLine"/>
  </Tags>
  
  <Layout>
    <Page WIDTH="7692"
          HEIGHT="5466"
          PHYSICAL_IMG_NR="62"
          ID="eSc_dummypage_">
      <PrintSpace HPOS="0"
                  VPOS="0"
                  WIDTH="7692"
                  HEIGHT="5466">
        
        <TextBlock HPOS="1018"
                   VPOS="367"
                   WIDTH="1704"
                   HEIGHT="199"
                   ID="eSc_textblock_5b6a843c"
                   TAGREFS="BT5019">
          <Shape><Polygon POINTS="1018 440 1020 566 1322 553 1799 498 2119 483 2319 457 2695 477 2722 405 2433 367 1329 440"/></Shape>
          
          
          <TextLine ID="eSc_line_6b290bba"
                    
                    BASELINE="2359 382 2600 405" 
                    HPOS="2351"
                    VPOS="368"
                    WIDTH="246"
                    HEIGHT="55">
            <Shape><Polygon POINTS="2583 387 2538 382 2492 373 2447 368 2401 368 2355 368 2355 378 2351 396 2515 419 2533 419 2579 423 2588 423 2597 400 2588 387 2583 387"/></Shape>
	    <String CONTENT="O tes"
                    HPOS="2351"
                    VPOS="368"
                    WIDTH="246"
                    HEIGHT="55"
                    WC="0.949722564220428"></String>
          </TextLine>

          
          
          <TextLine ID="eSc_line_bf4e98da"
                    
                    BASELINE="2335 418 2710 433" 
                    HPOS="2328"
                    VPOS="373"
                    WIDTH="378"
                    HEIGHT="173">
            <Shape><Polygon POINTS="2697 400 2652 396 2606 387 2560 400 2515 396 2469 391 2424 387 2378 382 2333 373 2333 414 2328 501 2483 487 2515 528 2524 537 2529 537 2529 542 2533 542 2538 542 2693 546 2706 432 2702 414 2697 400"/></Shape>
	    <String CONTENT="[us]corrat entre liu"
                    HPOS="2328"
                    VPOS="373"
                    WIDTH="378"
                    HEIGHT="173"></String>
          </TextLine>

          
          
          <TextLine ID="eSc_line_29f2d0e1"
                    
                    BASELINE="1016 483 1270 498 1275 498 1529 448 1530 447 2216 423" 
                    HPOS="1011"
                    VPOS="382"
                    WIDTH="1203"
                    HEIGHT="146">
            <Shape><Polygon POINTS="2187 382 2141 387 2096 387 2050 391 2005 396 1959 396 1913 400 1868 405 1822 405 1777 409 1731 414 1686 414 1640 419 1594 423 1549 423 1503 428 1458 432 1412 432 1371 437 1326 437 1280 441 1234 441 1189 441 1143 441 1098 441 1052 441 1011 482 1011 528 1057 528 1057 528 1066 528 2214 432 2214 419 2205 382 2187 382"/></Shape>
	    <String CONTENT="E nsi ꝯme. hues ⁊ esclarmonde ⁊ geranmes ꝯ[stoiens]"
                    HPOS="1011"
                    VPOS="382"
                    WIDTH="1203"
                    HEIGHT="146"></String>
          </TextLine>

          
          
          <TextLine ID="eSc_line_18938d6b"
                    
                    BASELINE="1042 537 1302 539 1427 519 1648 498 1815 479 2319 451" 
                    HPOS="1034"
                    VPOS="405"
                    WIDTH="1285"
                    HEIGHT="187">
            <Shape><Polygon POINTS="2123 423 2077 428 2032 428 1986 428 1941 432 1895 432 1850 437 1804 437 1758 437 1713 441 1667 441 1622 446 1576 446 1531 446 1485 455 1439 464 1398 473 1353 482 1307 491 1262 496 1216 496 1171 491 1125 491 1079 487 1034 487 1038 532 1038 592 1868 523 1968 555 1973 555 1977 555 2319 537 2314 450 2311 405 2207 420 2169 423"/></Shape>
	    <String CONTENT="⁊ ensi q̃ li .Rois auberons y sou haida sa table ⁊ les soi"
                    HPOS="1034"
                    VPOS="405"
                    WIDTH="1285"
                    HEIGHT="187"></String>
          </TextLine>

          
        </TextBlock>
        
        <TextBlock HPOS="1192"
                   VPOS="601"
                   WIDTH="1183"
                   HEIGHT="3640"
                   ID="eSc_textblock_6a6d1ad3"
                   TAGREFS="BT5014">
          <Shape><Polygon POINTS="2375 4241 2244 601 1231 705 1192 1388 1202 2734 1249 4232"/></Shape>
          
          
          <TextLine ID="eSc_line_e3c5595b"
                    
                    BASELINE="1255 758 2166 656" 
                    HPOS="1244"
                    VPOS="605"
                    WIDTH="920"
                    HEIGHT="173">
            <Shape><Polygon POINTS="2105 614 2059 619 2014 624 1968 628 1923 633 1877 637 1836 642 1790 646 1745 651 1699 655 1654 660 1608 665 1563 669 1517 674 1471 678 1426 683 1380 687 1335 692 1289 696 1244 701 1253 756 1253 778 2164 692 2164 655 2150 605 2150 610"/></Shape>
	    <String CONTENT="m ont aeut degrandes poucetes"
                    HPOS="1244"
                    VPOS="605"
                    WIDTH="920"
                    HEIGHT="173"></String>
          </TextLine>

          
          
          <TextLine ID="eSc_line_91a9de28"
                    
                    BASELINE="1244 804 1724 757 1724 757 2209 731" 
                    HPOS="1230"
                    VPOS="655"
                    WIDTH="975"
                    HEIGHT="174">
            <Shape><Polygon POINTS="2096 665 2050 669 2005 674 1959 678 1913 683 1868 687 1822 692 1777 696 1731 706 1686 710 1640 715 1594 719 1549 724 1503 728 1458 733 1417 737 1371 742 1326 747 1280 751 1275 733 1230 737 1239 801 1239 829 2205 760 2205 728 2196 655 2109 660 2096 665"/></Shape>
	    <String CONTENT="r epairiez est [s]uresne doutremer"
                    HPOS="1230"
                    VPOS="655"
                    WIDTH="975"
                    HEIGHT="174"></String>
          </TextLine>

          
          
          <TextLine ID="eSc_line_cd0ab708"
                    
                    BASELINE="1226 872 1373 871 1639 831 2205 815" 
                    HPOS="1225"
                    VPOS="742"
                    WIDTH="975"
                    HEIGHT="150">
            <Shape><Polygon POINTS="1991 742 1945 747 1900 747 1854 751 1809 751 1763 756 1717 760 1672 760 1626 765 1581 769 1535 774 1490 778 1444 783 1403 788 1357 792 1312 797 1266 801 1225 847 1225 870 1225 892 2200 842 2200 810 2196 747 2014 742 1991 742"/></Shape>
	    <String CONTENT="s iasafemme loi aument espouse"
                    HPOS="1225"
                    VPOS="742"
                    WIDTH="975"
                    HEIGHT="150"></String>
          </TextLine>

          
          
          <TextLine ID="eSc_line_bc7363d4"
                    
                    BASELINE="1231 930 1626 898 2266 889" 
                    HPOS="1225"
                    VPOS="819"
                    WIDTH="1039"
                    HEIGHT="137">
            <Shape><Polygon POINTS="1225 865 1230 929 1230 956 2210 938 2214 938 2264 911 2264 888 2251 819 1225 860 1225 865"/></Shape>
	    <String CONTENT="t out droit aroume lamirable cite"
                    HPOS="1225"
                    VPOS="819"
                    WIDTH="1039"
                    HEIGHT="137"></String>
          </TextLine>

          
          
          <TextLine ID="eSc_line_ad3d3533"
                    
                    BASELINE="1232 987 2162 974" 
                    HPOS="1225"
                    VPOS="911"
                    WIDTH="934"
                    HEIGHT="122">
            <Shape><Polygon POINTS="1316 924 1271 929 1225 929 1230 983 1230 1033 2155 1015 2159 970 2146 911 1330 920 1316 924"/></Shape>
	    <String CONTENT="a lapostolle sest mlt bienꝯ fesses"
                    HPOS="1225"
                    VPOS="911"
                    WIDTH="934"
                    HEIGHT="122"></String>
          </TextLine>

          
          
          <TextLine ID="eSc_line_44d85364"
                    
                    BASELINE="1228 1060 2201 1047" 
                    HPOS="1221"
                    VPOS="983"
                    WIDTH="979"
                    HEIGHT="114">
            <Shape><Polygon POINTS="1225 1056 1225 1097 2196 1097 2200 1043 2187 983 1221 992 1225 1056"/></Shape>
	    <String CONTENT="o t est ilbien en u̾s moi acerdes"
                    HPOS="1221"
                    VPOS="983"
                    WIDTH="979"
                    HEIGHT="114"></String>
          </TextLine>

          
          
          <TextLine ID="eSc_line_132bfb9d"
                    
                    BASELINE="1210 1133 2255 1111" 
                    HPOS="1203"
                    VPOS="1047"
                    WIDTH="1048"
                    HEIGHT="114">
            <Shape><Polygon POINTS="1207 1161 2251 1143 2251 1106 2237 1047 1203 1070 1207 1129"/></Shape>
	    <String CONTENT="c ar lapostoillez lia tout pardonne"
                    HPOS="1203"
                    VPOS="1047"
                    WIDTH="1048"
                    HEIGHT="114"></String>
          </TextLine>

          
          
          <TextLine ID="eSc_line_65b5ce69"
                    
                    BASELINE="1214 1208 2244 1202" 
                    HPOS="1211"
                    VPOS="1138"
                    WIDTH="1033"
                    HEIGHT="100">
            <Shape><Polygon POINTS="1214 1208 1214 1238 2241 1229 2244 1202 2235 1138 1211 1150 1214 1208"/></Shape>
	    <String CONTENT="e t iou meismez liai fait comparer"
                    HPOS="1211"
                    VPOS="1138"
                    WIDTH="1033"
                    HEIGHT="100"></String>
          </TextLine>

          
          
          <TextLine ID="eSc_line_53451d70"
                    
                    BASELINE="1214 1278 2177 1278" 
                    HPOS="1214"
                    VPOS="1226"
                    WIDTH="963"
                    HEIGHT="79">
            <Shape><Polygon POINTS="1214 1305 2177 1302 2177 1278 2177 1226 1214 1226 1214 1278"/></Shape>
	    <String CONTENT="m ais orleuuel enu̾s .k̾. acorder"
                    HPOS="1214"
                    VPOS="1226"
                    WIDTH="963"
                    HEIGHT="79"></String>
          </TextLine>

          
          
          <TextLine ID="eSc_line_7d989602"
                    
                    BASELINE="1209 1368 2272 1352" 
                    HPOS="1203"
                    VPOS="1275"
                    WIDTH="1066"
                    HEIGHT="137">
            <Shape><Polygon POINTS="2159 1279 2114 1279 2077 1279 1203 1298 1207 1366 1212 1412 1262 1389 2260 1393 2269 1348 2255 1275 2159 1275 2159 1279"/></Shape>
	    <String CONTENT="c ar bien lecuide ⁊ pendre ⁊ trainer"
                    HPOS="1203"
                    VPOS="1275"
                    WIDTH="1066"
                    HEIGHT="137"></String>
          </TextLine>

          
          
          <TextLine ID="eSc_line_ebd45501"
                    
                    BASELINE="1216 1446 2205 1417" 
                    HPOS="1207"
                    VPOS="1357"
                    WIDTH="993"
                    HEIGHT="123">
            <Shape><Polygon POINTS="1212 1480 2200 1462 2200 1416 2187 1357 1207 1380 1212 1443"/></Shape>
	    <String CONTENT="m ais nꝰ irons le fort roi reuider"
                    HPOS="1207"
                    VPOS="1357"
                    WIDTH="993"
                    HEIGHT="123"></String>
          </TextLine>

          
          
          <TextLine ID="eSc_line_2c8e2781"
                    
                    BASELINE="1222 1515 2148 1495" 
                    HPOS="1216"
                    VPOS="1434"
                    WIDTH="930"
                    HEIGHT="132">
            <Shape><Polygon POINTS="1221 1566 2141 1539 2146 1494 2132 1434 1216 1453 1221 1512"/></Shape>
	    <String CONTENT="p our huelin decepril deliurer"
                    HPOS="1216"
                    VPOS="1434"
                    WIDTH="930"
                    HEIGHT="132"></String>
          </TextLine>

          
          
          <TextLine ID="eSc_line_f9c6bd85"
                    
                    BASELINE="1213 1603 2152 1583" 
                    HPOS="1207"
                    VPOS="1507"
                    WIDTH="943"
                    HEIGHT="137">
            <Shape><Polygon POINTS="1212 1644 2146 1617 2150 1580 2137 1507 1207 1530 1212 1598"/></Shape>
	    <String CONTENT="c ar il est la ensigrant pourete"
                    HPOS="1207"
                    VPOS="1507"
                    WIDTH="943"
                    HEIGHT="137"></String>
          </TextLine>

          
          
          <TextLine ID="eSc_line_a22a7109"
                    
                    BASELINE="1228 1685 2106 1654" 
                    HPOS="1221"
                    VPOS="1585"
                    WIDTH="884"
                    HEIGHT="141">
            <Shape><Polygon POINTS="1225 1726 2105 1689 2105 1653 2091 1585 1221 1612 1225 1680"/></Shape>
	    <String CONTENT="o nques nefu en peril si cruel"
                    HPOS="1221"
                    VPOS="1585"
                    WIDTH="884"
                    HEIGHT="141"></String>
          </TextLine>

          
          
          <TextLine ID="eSc_line_c5d0979e"
                    
                    BASELINE="1225 1773 2197 1731" 
                    HPOS="1216"
                    VPOS="1671"
                    WIDTH="980"
                    HEIGHT="128">
            <Shape><Polygon POINTS="1221 1771 1221 1799 2191 1767 2196 1730 2182 1671 1216 1703 1221 1771"/></Shape>
	    <String CONTENT="d roit abordiaus est upalais liste"
                    HPOS="1216"
                    VPOS="1671"
                    WIDTH="980"
                    HEIGHT="128"></String>
          </TextLine>

          
          
          <TextLine ID="eSc_line_1300276b"
                    
                    BASELINE="1243 1843 2197 1812" 
                    HPOS="1234"
                    VPOS="1753"
                    WIDTH="962"
                    HEIGHT="128">
            <Shape><Polygon POINTS="1239 1840 1239 1881 2196 1867 2196 1808 2182 1753 1234 1781 1239 1840"/></Shape>
	    <String CONTENT="e n ses pies a uns gnͣs aniax f̾m̾es"
                    HPOS="1234"
                    VPOS="1753"
                    WIDTH="962"
                    HEIGHT="128"></String>
          </TextLine>

          
          
          <TextLine ID="eSc_line_cf8fa759"
                    
                    BASELINE="1219 1922 1967 1910 2075 1902" 
                    HPOS="1212"
                    VPOS="1831"
                    WIDTH="861"
                    HEIGHT="132">
            <Shape><Polygon POINTS="1216 1917 1216 1963 2068 1935 2073 1899 2059 1831 1212 1844 1216 1917"/></Shape>
	    <String CONTENT="e t .klm̃. est asis audisner"
                    HPOS="1212"
                    VPOS="1831"
                    WIDTH="861"
                    HEIGHT="132"></String>
          </TextLine>

          
          
          <TextLine ID="eSc_line_6bd705a1"
                    
                    BASELINE="1225 1998 2148 1978" 
                    HPOS="1216"
                    VPOS="1908"
                    WIDTH="930"
                    HEIGHT="123">
            <Shape><Polygon POINTS="1221 1995 1221 2031 2146 2008 2146 1976 2132 1908 1216 1926 1221 1995"/></Shape>
	    <String CONTENT="s ia lirois sor sabarbe iure"
                    HPOS="1216"
                    VPOS="1908"
                    WIDTH="930"
                    HEIGHT="123"></String>
          </TextLine>

          
          
          <TextLine ID="eSc_line_0e4b20e0"
                    
                    BASELINE="1222 2077 2146 2061" 
                    HPOS="1216"
                    VPOS="1985"
                    WIDTH="925"
                    HEIGHT="142">
            <Shape><Polygon POINTS="1221 2072 1221 2127 2137 2095 2141 2058 2128 1985 1216 2004 1221 2072"/></Shape>
	    <String CONTENT="n emengera iamais enson ae"
                    HPOS="1216"
                    VPOS="1985"
                    WIDTH="925"
                    HEIGHT="142"></String>
          </TextLine>

          
          
          <TextLine ID="eSc_line_fb2dfdba"
                    
                    BASELINE="1225 2152 2201 2141" 
                    HPOS="1216"
                    VPOS="2067"
                    WIDTH="984"
                    HEIGHT="137">
            <Shape><Polygon POINTS="1221 2149 1221 2204 2196 2177 2200 2140 2187 2067 1216 2086 1221 2149"/></Shape>
	    <String CONTENT="pꝰ que il iert de cel mengier leuez"
                    HPOS="1216"
                    VPOS="2067"
                    WIDTH="984"
                    HEIGHT="137"></String>
          </TextLine>

          
          
          <TextLine ID="eSc_line_67c2f90c"
                    
                    BASELINE="1206 2247 2159 2226" 
                    HPOS="1198"
                    VPOS="2145"
                    WIDTH="957"
                    HEIGHT="141">
            <Shape><Polygon POINTS="2109 2145 2064 2145 2018 2145 1973 2145 1950 2145 1198 2159 1203 2245 1203 2286 2123 2277 2128 2277 2132 2277 2155 2254 2155 2222 2141 2145 2109 2145"/></Shape>
	    <String CONTENT="s isera hues pendus ⁊ trainez"
                    HPOS="1198"
                    VPOS="2145"
                    WIDTH="957"
                    HEIGHT="141"></String>
          </TextLine>

          
          
          <TextLine ID="eSc_line_e83ff6b5"
                    
                    BASELINE="1229 2336 2144 2326" 
                    HPOS="1221"
                    VPOS="2250"
                    WIDTH="920"
                    HEIGHT="109">
            <Shape><Polygon POINTS="1225 2332 1225 2359 2137 2345 2141 2323 2128 2250 1221 2259 1225 2332"/></Shape>
	    <String CONTENT="m ais parcelin q̃ ie uoi la ester"
                    HPOS="1221"
                    VPOS="2250"
                    WIDTH="920"
                    HEIGHT="109"></String>
          </TextLine>

          
          
          <TextLine ID="eSc_line_9a2aff5b"
                    
                    BASELINE="1210 2412 2262 2390" 
                    HPOS="1203"
                    VPOS="2304"
                    WIDTH="1057"
                    HEIGHT="151">
            <Shape><Polygon POINTS="1207 2409 1207 2436 1617 2455 1622 2455 2260 2418 2260 2386 2246 2304 1344 2341 1203 2323 1207 2409"/></Shape>
	    <String CONTENT="s iblanc grenon enseront ꝑiure"
                    HPOS="1203"
                    VPOS="2304"
                    WIDTH="1057"
                    HEIGHT="151"></String>
          </TextLine>

          
          
          <TextLine ID="eSc_line_3fe77bfc"
                    
                    BASELINE="1213 2497 2148 2475" 
                    HPOS="1207"
                    VPOS="2414"
                    WIDTH="939"
                    HEIGHT="114">
            <Shape><Polygon POINTS="1212 2496 1212 2528 2141 2505 2146 2473 2132 2414 1207 2414 1212 2496"/></Shape>
	    <String CONTENT="i ou secourai legentil baceler"
                    HPOS="1207"
                    VPOS="2414"
                    WIDTH="939"
                    HEIGHT="114"></String>
          </TextLine>

          
          
          <TextLine ID="eSc_line_85305ef0"
                    
                    BASELINE="1216 2573 2149 2562 2232 2560" 
                    HPOS="1207"
                    VPOS="2482"
                    WIDTH="1021"
                    HEIGHT="118">
            <Shape><Polygon POINTS="1572 2491 1540 2491 1417 2491 1389 2496 1344 2496 1298 2496 1253 2496 1207 2496 1212 2569 1212 2600 2223 2591 2228 2559 2219 2482 1576 2487 1572 2491"/></Shape>
	    <String CONTENT="l irois mengne ⁊ olui sonbarne"
                    HPOS="1207"
                    VPOS="2482"
                    WIDTH="1021"
                    HEIGHT="118"></String>
          </TextLine>

          
          
          <TextLine ID="eSc_line_e15fe47f"
                    
                    BASELINE="1231 2651 2162 2644 2232 2641" 
                    HPOS="1225"
                    VPOS="2564"
                    WIDTH="1003"
                    HEIGHT="114">
            <Shape><Polygon POINTS="2182 2564 2137 2564 2091 2564 2046 2564 2000 2564 1954 2564 1909 2564 1881 2564 1645 2564 1635 2569 1590 2569 1549 2569 1225 2569 1230 2646 1230 2678 2223 2673 2228 2637 2214 2564 2182 2564"/></Shape>
	    <String CONTENT="d isner iuuel cest fine ueritez"
                    HPOS="1225"
                    VPOS="2564"
                    WIDTH="1003"
                    HEIGHT="114"></String>
          </TextLine>

          
          
          <TextLine ID="eSc_line_3c708ac1"
                    
                    BASELINE="1221 2737 2262 2722" 
                    HPOS="1212"
                    VPOS="2637"
                    WIDTH="1048"
                    HEIGHT="132">
            <Shape><Polygon POINTS="2214 2641 2169 2641 2123 2646 2077 2646 2032 2646 1986 2646 1941 2646 1895 2646 1850 2646 1804 2646 1758 2646 1713 2646 1667 2646 1622 2646 1576 2646 1549 2646 1212 2646 1216 2733 1216 2769 2260 2746 2260 2719 2246 2637 2214 2637 2214 2641"/></Shape>
	    <String CONTENT="l amoie table isoit [$scais] demouter"
                    HPOS="1212"
                    VPOS="2637"
                    WIDTH="1048"
                    HEIGHT="132"></String>
          </TextLine>

          
          
          <TextLine ID="eSc_line_1c81373e"
                    
                    BASELINE="1235 2808 1758 2818 1973 2805 2304 2802" 
                    HPOS="1230"
                    VPOS="2733"
                    WIDTH="1071"
                    HEIGHT="154">
            <Shape><Polygon POINTS="1234 2805 1230 2842 1353 2869 1357 2869 1362 2869 1367 2869 1367 2865 1380 2855 1417 2883 1421 2883 1426 2883 1430 2883 1435 2883 1512 2846 1585 2883 1590 2883 1594 2887 2018 2887 2018 2883 2023 2883 2027 2883 2087 2842 2296 2842 2301 2801 2296 2733 1234 2742 1234 2805"/></Shape>
	    <String CONTENT=".iii. piez plus haute que le .klo̾n .leber"
                    HPOS="1230"
                    VPOS="2733"
                    WIDTH="1071"
                    HEIGHT="154"></String>
          </TextLine>

          
          
          <TextLine ID="eSc_line_8d9d09d9"
                    
                    BASELINE="1254 3862 1311 3868 1345 3865 2194 3880" 
                    HPOS="1248"
                    VPOS="3794"
                    WIDTH="943"
                    HEIGHT="118">
            <Shape><Polygon POINTS="1248 3899 2182 3912 2191 3876 2191 3812 1257 3794 1253 3858 1248 3899"/></Shape>
	    <String CONTENT="m a [be]le tiape isoit desus pose"
                    HPOS="1248"
                    VPOS="3794"
                    WIDTH="943"
                    HEIGHT="118"></String>
          </TextLine>

          
          
          <TextLine ID="eSc_line_db91b104"
                    
                    BASELINE="1249 3957 2190 3970" 
                    HPOS="1244"
                    VPOS="3867"
                    WIDTH="943"
                    HEIGHT="127">
            <Shape><Polygon POINTS="1248 3953 1244 3981 2178 3994 2187 3967 2182 3880 1248 3867 1248 3953"/></Shape>
	    <String CONTENT="q ui est de soie depaille doutrem̾"
                    HPOS="1244"
                    VPOS="3867"
                    WIDTH="943"
                    HEIGHT="127"></String>
          </TextLine>

          
          
          <TextLine ID="eSc_line_30b9acf0"
                    
                    BASELINE="1257 4026 2316 4033" 
                    HPOS="1248"
                    VPOS="3953"
                    WIDTH="1066"
                    HEIGHT="110">
            <Shape><Polygon POINTS="2164 3967 2118 3967 2073 3967 2027 3967 1982 3967 1936 3967 1891 3967 1845 3962 1799 3962 1754 3962 1708 3962 1663 3962 1617 3962 1572 3962 1526 3958 1480 3958 1435 3958 1389 3958 1344 3958 1298 3958 1253 3958 1253 4022 1248 4053 2305 4063 2314 4031 2314 3958 2164 3953 2164 3967"/></Shape>
	    <String CONTENT="s isoit de sus mes bons hanas dorcler"
                    HPOS="1248"
                    VPOS="3953"
                    WIDTH="1066"
                    HEIGHT="110"></String>
          </TextLine>

          
          
          <TextLine ID="eSc_line_544521a9"
                    
                    BASELINE="1248 4092 2316 4108" 
                    HPOS="1239"
                    VPOS="4031"
                    WIDTH="1075"
                    HEIGHT="109">
            <Shape><Polygon POINTS="1244 4090 1239 4122 2305 4140 2314 4104 2310 4035 1244 4031 1244 4090"/></Shape>
	    <String CONTENT="m escors diuorre uisoit mie oublies"
                    HPOS="1239"
                    VPOS="4031"
                    WIDTH="1075"
                    HEIGHT="109"></String>
          </TextLine>

          
          
          <TextLine ID="eSc_line_285bf1fe"
                    
                    BASELINE="1254 4172 2233 4187" 
                    HPOS="1248"
                    VPOS="4104"
                    WIDTH="984"
                    HEIGHT="145">
            <Shape><Polygon POINTS="1253 4167 1248 4204 2223 4249 2232 4186 2228 4113 1253 4104 1253 4167"/></Shape>
	    <String CONTENT="e t deuitaille iait agnͣt plente"
                    HPOS="1248"
                    VPOS="4104"
                    WIDTH="984"
                    HEIGHT="145"></String>
          </TextLine>

          
        </TextBlock>
        
        <TextBlock HPOS="2309"
                   VPOS="498"
                   WIDTH="1388"
                   HEIGHT="3790"
                   ID="eSc_textblock_09f72415"
                   TAGREFS="BT5015">
          <Shape><Polygon POINTS="3491 4288 3561 3459 3697 3077 3655 2165 3491 498 2309 611 2375 2290 2384 4222"/></Shape>
          
          
          <TextLine ID="eSc_line_8b532997"
                    
                    BASELINE="2310 668 2562 649" 
                    HPOS="2299"
                    VPOS="606"
                    WIDTH="261"
                    HEIGHT="86">
            <Shape><Polygon POINTS="2305 692 2556 678 2560 646 2531 606 2299 623 2305 665"/></Shape>
	    <String CONTENT="de tous [$$]"
                    HPOS="2299"
                    VPOS="606"
                    WIDTH="261"
                    HEIGHT="86"></String>
          </TextLine>

          
          
          <TextLine ID="eSc_line_4be9c429"
                    
                    BASELINE="2548 611 2853 611" 
                    HPOS="2547"
                    VPOS="560"
                    WIDTH="305"
                    HEIGHT="86">
            <Shape><Polygon POINTS="2820 564 2775 569 2729 573 2683 578 2638 578 2592 583 2547 587 2547 610 2547 642 2547 642 2629 646 2638 642 2683 642 2729 642 2775 646 2820 646 2848 646 2852 610 2848 560 2820 564"/></Shape>
	    <String CONTENT="[$]s mes que  [$$]p[lus]"
                    HPOS="2547"
                    VPOS="560"
                    WIDTH="305"
                    HEIGHT="86"></String>
          </TextLine>

          
          
          <TextLine ID="eSc_line_687f07fa"
                    
                    BASELINE="2605 660 2906 667" 
                    HPOS="2597"
                    VPOS="610"
                    WIDTH="322"
                    HEIGHT="109">
            <Shape><Polygon POINTS="2784 614 2738 614 2693 614 2647 614 2601 614 2601 655 2597 692 2683 701 2688 701 2734 701 2779 696 2825 696 2870 696 2870 719 2899 693 2919 651 2901 610 2856 612 2829 614"/></Shape>
	    <String CONTENT="[$$] [$$seient] [$$$$$]"
                    HPOS="2597"
                    VPOS="610"
                    WIDTH="322"
                    HEIGHT="109"></String>
          </TextLine>

          
          
          <TextLine ID="eSc_line_1d6510e2"
                    
                    BASELINE="2319 726 2602 707" 
                    HPOS="2310"
                    VPOS="642"
                    WIDTH="291"
                    HEIGHT="95">
            <Shape><Polygon POINTS="2492 655 2447 655 2401 660 2355 665 2310 665 2314 724 2314 737 2601 733 2601 706 2588 642 2538 642 2538 651"/></Shape>
	    <String CONTENT="⁊ libon"
                    HPOS="2310"
                    VPOS="642"
                    WIDTH="291"
                    HEIGHT="95"></String>
          </TextLine>

          
          
          <TextLine ID="eSc_line_b7736361"
                    
                    BASELINE="2655 714 2889 709" 
                    HPOS="2647"
                    VPOS="660"
                    WIDTH="253"
                    HEIGHT="96">
            <Shape><Polygon POINTS="2829 665 2784 665 2738 660 2693 660 2647 660 2652 710 2675 742 2705 730 2725 738 2738 756 2743 751 2788 747 2836 744 2855 731 2900 717 2884 706 2875 665"/></Shape>
	    <String CONTENT="[$] que [$$$] [$$$$]"
                    HPOS="2647"
                    VPOS="660"
                    WIDTH="253"
                    HEIGHT="96"></String>
          </TextLine>

          
          
          <TextLine ID="eSc_line_ae78d423"
                    
                    BASELINE="2332 795 2564 784 2666 753" 
                    HPOS="2319"
                    VPOS="696"
                    WIDTH="346"
                    HEIGHT="146">
            <Shape><Polygon POINTS="2547 710 2501 715 2456 715 2410 719 2365 724 2319 724 2328 792 2328 842 2665 806 2665 751 2647 696 2597 696 2592 710"/></Shape>
	    <String CONTENT="l amesou[$]"
                    HPOS="2319"
                    VPOS="696"
                    WIDTH="346"
                    HEIGHT="146"></String>
          </TextLine>

          
          
          <TextLine ID="eSc_line_72fc74e8"
                    
                    BASELINE="2724 764 2853 762" 
                    HPOS="2720"
                    VPOS="710"
                    WIDTH="132"
                    HEIGHT="137">
            <Shape><Polygon POINTS="2811 710 2766 710 2720 710 2720 760 2720 838 2848 847 2852 760 2852 710 2811 710"/></Shape>
	    <String CONTENT="e. [$$$$]"
                    HPOS="2720"
                    VPOS="710"
                    WIDTH="132"
                    HEIGHT="137"></String>
          </TextLine>

          
          
          <TextLine ID="eSc_line_8237c8d5"
                    
                    BASELINE="2334 898 2789 886" 
                    HPOS="2328"
                    VPOS="774"
                    WIDTH="460"
                    HEIGHT="141">
            <Shape><Polygon POINTS="2419 792 2374 792 2365 792 2328 810 2333 897 2333 915 2788 911 2788 883 2779 806 2633 774 2629 774 2624 774 2547 806 2437 788 2419 792"/></Shape>
	    <String CONTENT="e n ala conpaig[nie]"
                    HPOS="2328"
                    VPOS="774"
                    WIDTH="460"
                    HEIGHT="141"></String>
          </TextLine>

          
          
          <TextLine ID="eSc_line_5310c9c8"
                    
                    BASELINE="2346 977 2762 939 2842 930" 
                    HPOS="2333"
                    VPOS="884"
                    WIDTH="531"
                    HEIGHT="113">
            <Shape><Polygon POINTS="2697 888 2652 888 2606 892 2560 892 2515 892 2469 897 2424 897 2387 897 2333 901 2342 974 2342 997 2838 961 2838 929 2864 894 2787 884 2743 888"/></Shape>
	    <String CONTENT="s emest̾ [c] est plus"
                    HPOS="2333"
                    VPOS="884"
                    WIDTH="531"
                    HEIGHT="113"></String>
          </TextLine>

          
          
          <TextLine ID="eSc_line_29a87521"
                    
                    BASELINE="2352 1050 2877 995 2922 981" 
                    HPOS="2342"
                    VPOS="906"
                    WIDTH="578"
                    HEIGHT="164">
            <Shape><Polygon POINTS="2793 933 2752 942 2706 947 2661 947 2615 951 2570 956 2524 961 2478 965 2433 970 2387 974 2342 974 2351 1047 2351 1070 2920 1006 2920 979 2898 906 2869 927 2838 924"/></Shape>
	    <String CONTENT="u palais entre que"
                    HPOS="2342"
                    VPOS="906"
                    WIDTH="578"
                    HEIGHT="164"></String>
          </TextLine>

          
          
          <TextLine ID="eSc_line_b6165ed3"
                    
                    BASELINE="2343 1132 2698 1094 2957 1026" 
                    HPOS="2328"
                    VPOS="977"
                    WIDTH="624"
                    HEIGHT="170">
            <Shape><Polygon POINTS="2825 1002 2779 1006 2734 1011 2688 1015 2642 1020 2601 1024 2556 1029 2510 1033 2465 1038 2419 1043 2374 1047 2369 1038 2328 1043 2342 1129 2342 1147 2889 1088 2893 1088 2952 1052 2952 1024 2949 977 2898 995 2870 997"/></Shape>
	    <String CONTENT="d ales leroi passa par"
                    HPOS="2328"
                    VPOS="977"
                    WIDTH="624"
                    HEIGHT="170"></String>
          </TextLine>

          
          
          <TextLine ID="eSc_line_709ba0fb"
                    
                    BASELINE="2340 1206 2724 1171 3005 1083" 
                    HPOS="2333"
                    VPOS="1020"
                    WIDTH="674"
                    HEIGHT="223">
            <Shape><Polygon POINTS="2948 1029 2907 1038 2861 1052 2816 1061 2775 1074 2729 1084 2683 1097 2638 1102 2597 1106 2551 1111 2506 1115 2474 1115 2355 1138 2333 1175 2337 1202 2342 1243 3007 1125 3002 1079 2980 1020 2943 1024 2948 1029"/></Shape>
	    <String CONTENT="a u passer outre lail [$$]"
                    HPOS="2333"
                    VPOS="1020"
                    WIDTH="674"
                    HEIGHT="223"></String>
          </TextLine>

          
          
          <TextLine ID="eSc_line_98fc32cb"
                    
                    BASELINE="2354 1270 2575 1249 2700 1238 2803 1223 2934 1174 3045 1163" 
                    HPOS="2342"
                    VPOS="1088"
                    WIDTH="701"
                    HEIGHT="205">
            <Shape><Polygon POINTS="2834 1129 2793 1147 2747 1161 2702 1175 2656 1179 2611 1179 2565 1184 2519 1188 2474 1193 2447 1193 2342 1211 2351 1266 2351 1293 3043 1197 3043 1161 3030 1088 2861 1115 2834 1129"/></Shape>
	    <String CONTENT="q ue desoncief fist leca[p]"
                    HPOS="2342"
                    VPOS="1088"
                    WIDTH="701"
                    HEIGHT="205"></String>
          </TextLine>

          
          
          <TextLine ID="eSc_line_90b2ec87"
                    
                    BASELINE="2346 1346 2824 1299 3067 1218" 
                    HPOS="2337"
                    VPOS="1161"
                    WIDTH="734"
                    HEIGHT="205">
            <Shape><Polygon POINTS="2825 1211 2784 1225 2738 1229 2693 1238 2647 1243 2601 1248 2556 1252 2510 1257 2469 1257 2365 1270 2337 1316 2342 1343 2342 1366 2693 1348 3071 1261 3066 1216 3048 1161 2893 1184 2870 1197"/></Shape>
	    <String CONTENT="e diex dist .k̾. qui est cis"
                    HPOS="2337"
                    VPOS="1161"
                    WIDTH="734"
                    HEIGHT="205"></String>
          </TextLine>

          
          
          <TextLine ID="eSc_line_9eafaa20"
                    
                    BASELINE="2365 1413 2427 1412 2871 1359 3063 1300" 
                    HPOS="2346"
                    VPOS="1243"
                    WIDTH="720"
                    HEIGHT="219">
            <Shape><Polygon POINTS="2934 1261 2889 1275 2848 1289 2802 1302 2756 1307 2711 1311 2665 1316 2620 1320 2574 1325 2529 1330 2483 1330 2437 1334 2433 1334 2346 1343 2360 1412 2365 1462 3066 1357 3062 1298 3039 1243 2943 1257 2934 1261"/></Shape>
	    <String CONTENT="c om est hardis qnͣt il"
                    HPOS="2346"
                    VPOS="1243"
                    WIDTH="720"
                    HEIGHT="219"></String>
          </TextLine>

          
          
          <TextLine ID="eSc_line_456dfa5e"
                    
                    BASELINE="2377 1491 2402 1491 2480 1484 2714 1472 2857 1448 2994 1405 3066 1379" 
                    HPOS="2365"
                    VPOS="1320"
                    WIDTH="697"
                    HEIGHT="224">
            <Shape><Polygon POINTS="2948 1334 2902 1348 2857 1361 2811 1366 2766 1371 2725 1375 2679 1380 2633 1384 2588 1389 2542 1398 2497 1402 2465 1402 2365 1421 2374 1489 2378 1544 3062 1430 3062 1375 3039 1320 2948 1330 2948 1334"/></Shape>
	    <String CONTENT="p res nemafait sor m[a]"
                    HPOS="2365"
                    VPOS="1320"
                    WIDTH="697"
                    HEIGHT="224"></String>
          </TextLine>

          
          
          <TextLine ID="eSc_line_b785c2ca"
                    
                    BASELINE="2369 1578 2438 1576 2462 1576 2751 1563 2795 1549 2912 1502 3113 1484" 
                    HPOS="2355"
                    VPOS="1402"
                    WIDTH="757"
                    HEIGHT="210">
            <Shape><Polygon POINTS="2934 1421 2893 1434 2857 1443 2816 1466 2775 1457 2761 1462 2720 1471 2674 1475 2629 1475 2583 1480 2579 1480 2515 1494 2497 1489 2474 1480 2447 1484 2401 1489 2396 1484 2355 1503 2365 1576 2365 1612 2802 1594 2807 1594 2811 1594 2857 1562 2866 1553 3112 1530 3112 1480 3098 1402 2957 1412 2934 1421"/></Shape>
	    <String CONTENT="e t non pour [cant] [i$$]"
                    HPOS="2355"
                    VPOS="1402"
                    WIDTH="757"
                    HEIGHT="210"></String>
          </TextLine>

          
          
          <TextLine ID="eSc_line_91eeb2a4"
                    
                    BASELINE="2369 1658 2459 1661 2465 1658 3240 1679" 
                    HPOS="2360"
                    VPOS="1566"
                    WIDTH="879"
                    HEIGHT="137">
            <Shape><Polygon POINTS="3135 1607 3089 1607 3075 1603 2889 1603 2866 1594 2861 1594 2816 1594 2775 1571 2747 1566 2365 1585 2365 1653 2360 1699 3230 1703 3239 1676 3226 1580 3153 1607 3135 1603 3135 1607"/></Shape>
	    <String CONTENT="c ar iou ne sai que il a [$$$]"
                    HPOS="2360"
                    VPOS="1566"
                    WIDTH="879"
                    HEIGHT="137"></String>
          </TextLine>

          
          
          <TextLine ID="eSc_line_e9a20841"
                    
                    BASELINE="2369 1729 3274 1758" 
                    HPOS="2360"
                    VPOS="1662"
                    WIDTH="911"
                    HEIGHT="119">
            <Shape><Polygon POINTS="2365 1726 2360 1767 3262 1781 3271 1753 3271 1689 2365 1662 2365 1726"/></Shape>
	    <String CONTENT=".s̾. te marie que ila Gra[$$$$$]"
                    HPOS="2360"
                    VPOS="1662"
                    WIDTH="911"
                    HEIGHT="119"></String>
          </TextLine>

          
          
          <TextLine ID="eSc_line_25735398"
                    
                    BASELINE="2373 1810 3264 1839" 
                    HPOS="2365"
                    VPOS="1740"
                    WIDTH="897"
                    HEIGHT="122">
            <Shape><Polygon POINTS="2369 1808 2365 1844 3253 1862 3262 1835 3262 1767 2369 1740 2369 1808"/></Shape>
	    <String CONTENT="q ues hom estil urais [$$$$$]"
                    HPOS="2365"
                    VPOS="1740"
                    WIDTH="897"
                    HEIGHT="122"></String>
          </TextLine>

          
          
          <TextLine ID="eSc_line_fb3f2cb2"
                    
                    BASELINE="2373 1889 2453 1894 2484 1891 3127 1903" 
                    HPOS="2365"
                    VPOS="1826"
                    WIDTH="761"
                    HEIGHT="109">
            <Shape><Polygon POINTS="2369 1885 2365 1935 3121 1935 3126 1899 3121 1835 2369 1826 2369 1885"/></Shape>
	    <String CONTENT="a uberons lot sia un [$$]"
                    HPOS="2365"
                    VPOS="1826"
                    WIDTH="761"
                    HEIGHT="109"></String>
          </TextLine>

          
          
          <TextLine ID="eSc_line_8a391b9f"
                    
                    BASELINE="3204 1878 3422 1932" 
                    HPOS="3189"
                    VPOS="1822"
                    WIDTH="242"
                    HEIGHT="132">
            <Shape><Polygon POINTS="3189 1908 3403 1954 3417 1931 3431 1826 3212 1822 3203 1876"/></Shape>
	    <String CONTENT="[$$$$$$]"
                    HPOS="3189"
                    VPOS="1822"
                    WIDTH="242"
                    HEIGHT="132"></String>
          </TextLine>

          
          
          <TextLine ID="eSc_line_eac5d588"
                    
                    BASELINE="2373 1972 2468 1970 2480 1970 3048 1976 3266 2026 3439 2029" 
                    HPOS="2369"
                    VPOS="1903"
                    WIDTH="1101"
                    HEIGHT="153">
            <Shape><Polygon POINTS="3367 1972 3321 1967 3276 1958 3230 1954 3185 1949 3180 1944 3171 1944 3171 1940 3080 1903 3075 1903 3071 1903 2369 1908 2369 1967 2369 2017 2460 1995 2538 2017 2542 2017 2547 2017 2902 2004 3440 2056 3447 2033 3470 2002 3436 1986 3413 1976"/></Shape>
	    <String CONTENT="c esares uous ai[ns] [que]  uous mes ca[p$]"
                    HPOS="2369"
                    VPOS="1903"
                    WIDTH="1101"
                    HEIGHT="153"></String>
          </TextLine>

          
          
          <TextLine ID="eSc_line_2eabeac8"
                    
                    BASELINE="3156 1941 3415 1979" 
                    HPOS="3144"
                    VPOS="1881"
                    WIDTH="269"
                    HEIGHT="109">
            <Shape><Polygon POINTS="3381 1926 3340 1913 3294 1903 3285 1899 3157 1881 3153 1940 3144 1963 3408 1990 3413 1976 3413 1926 3381 1926"/></Shape>
	    <String CONTENT="[$$$] parle"
                    HPOS="3144"
                    VPOS="1881"
                    WIDTH="269"
                    HEIGHT="109"></String>
          </TextLine>

          
          
          <TextLine ID="eSc_line_4d376abf"
                    
                    BASELINE="2378 2066 3033 2052 3265 2078 3459 2083" 
                    HPOS="2369"
                    VPOS="1972"
                    WIDTH="1089"
                    HEIGHT="132">
            <Shape><Polygon POINTS="3417 2026 3372 2026 3326 2026 3280 2026 3235 2017 3189 2008 3167 2004 3162 2004 3144 1999 3039 1972 3007 1972 2961 1972 2916 1972 2875 1972 2369 1985 2374 2063 2374 2104 3454 2095 3458 2081 3454 2004 3417 2004 3417 2026"/></Shape>
	    <String CONTENT="p uis sadrecha uers huon lemenbre"
                    HPOS="2369"
                    VPOS="1972"
                    WIDTH="1089"
                    HEIGHT="132"></String>
          </TextLine>

          
          
          <TextLine ID="eSc_line_8de894cc"
                    
                    BASELINE="2385 2152 3431 2128" 
                    HPOS="2378"
                    VPOS="2063"
                    WIDTH="1048"
                    HEIGHT="123">
            <Shape><Polygon POINTS="3381 2067 3335 2067 3290 2067 3244 2067 3212 2063 2378 2067 2383 2149 2383 2186 3422 2149 3426 2127 3413 2067 3381 2067"/></Shape>
	    <String CONTENT="h ues leuoit Grant ioie ena mene"
                    HPOS="2378"
                    VPOS="2063"
                    WIDTH="1048"
                    HEIGHT="123"></String>
          </TextLine>

          
          
          <TextLine ID="eSc_line_b5d9b5a1"
                    
                    BASELINE="2391 2237 3425 2207" 
                    HPOS="2383"
                    VPOS="2131"
                    WIDTH="1039"
                    HEIGHT="137">
            <Shape><Polygon POINTS="3385 2131 3340 2131 3294 2131 3249 2131 3203 2136 3157 2136 3112 2136 3066 2136 3021 2136 2975 2140 2930 2140 2884 2140 2838 2140 2793 2145 2747 2145 2702 2145 2670 2145 2579 2145 2565 2149 2524 2149 2383 2149 2387 2236 2387 2268 3422 2227 3422 2204 3408 2131 3385 2131"/></Shape>
	    <String CONTENT="il uoit les fers dont fu encaines"
                    HPOS="2383"
                    VPOS="2131"
                    WIDTH="1039"
                    HEIGHT="137"></String>
          </TextLine>

          
          
          <TextLine ID="eSc_line_97318fa3"
                    
                    BASELINE="2388 2325 3370 2280 3406 2280" 
                    HPOS="2383"
                    VPOS="2209"
                    WIDTH="1020"
                    HEIGHT="136">
            <Shape><Polygon POINTS="3385 2209 3340 2209 3294 2209 3249 2213 3203 2213 3157 2213 3112 2218 3066 2218 3053 2218 2980 2218 2975 2222 2971 2222 2383 2250 2387 2323 2387 2345 3403 2313 3403 2277 3394 2209 3385 2209"/></Shape>
	    <String CONTENT="il souhaida que il fussent oste"
                    HPOS="2383"
                    VPOS="2209"
                    WIDTH="1020"
                    HEIGHT="136"
                    WC="0.987343492046479"></String>
          </TextLine>

          
          
          <TextLine ID="eSc_line_cf79ba31"
                    
                    BASELINE="2379 2404 3486 2364" 
                    HPOS="2374"
                    VPOS="2286"
                    WIDTH="1107"
                    HEIGHT="141">
            <Shape><Polygon POINTS="2378 2400 2378 2427 3476 2400 3481 2359 3467 2286 2374 2323 2378 2400"/></Shape>
	    <String CONTENT="⁊ esclarmonde ⁊ Gerianmes liber"
                    HPOS="2374"
                    VPOS="2286"
                    WIDTH="1107"
                    HEIGHT="141"></String>
          </TextLine>

          
          
          <TextLine ID="eSc_line_9e26d8d1"
                    
                    BASELINE="2378 2482 3345 2449" 
                    HPOS="2369"
                    VPOS="2368"
                    WIDTH="975"
                    HEIGHT="137">
            <Shape><Polygon POINTS="2374 2477 2374 2505 3340 2477 3344 2446 3331 2368 2369 2400 2374 2477"/></Shape>
	    <String CONTENT="a  il errant ensement deliure"
                    HPOS="2369"
                    VPOS="2368"
                    WIDTH="975"
                    HEIGHT="137"></String>
          </TextLine>

          
          
          <TextLine ID="eSc_line_652cda91"
                    
                    BASELINE="2384 2555 3345 2526" 
                    HPOS="2378"
                    VPOS="2459"
                    WIDTH="966"
                    HEIGHT="141">
            <Shape><Polygon POINTS="2383 2550 2383 2600 3344 2555 3344 2523 3331 2459 2378 2468 2383 2550"/></Shape>
	    <String CONTENT="t ous .iii. les a illuec descai nes"
                    HPOS="2378"
                    VPOS="2459"
                    WIDTH="966"
                    HEIGHT="141"></String>
          </TextLine>

          
          
          <TextLine ID="eSc_line_4a761cb6"
                    
                    BASELINE="2384 2633 2465 2629 2496 2632 3483 2601" 
                    HPOS="2378"
                    VPOS="2541"
                    WIDTH="1103"
                    HEIGHT="128">
            <Shape><Polygon POINTS="2383 2632 2383 2669 3481 2632 3481 2600 3467 2541 2378 2569 2383 2632"/></Shape>
	    <String CONTENT="p uis les asist dales lui au disner"
                    HPOS="2378"
                    VPOS="2541"
                    WIDTH="1103"
                    HEIGHT="128"></String>
          </TextLine>

          
          
          <TextLine ID="eSc_line_6263ef7c"
                    
                    BASELINE="2392 2721 2453 2720 2514 2720 3413 2693 3483 2687" 
                    HPOS="2383"
                    VPOS="2619"
                    WIDTH="1098"
                    HEIGHT="136">
            <Shape><Polygon POINTS="2387 2719 2387 2755 3476 2733 3481 2682 3467 2619 2383 2646 2387 2719"/></Shape>
	    <String CONTENT="a uberons pnͣt lebon hanap dorcler"
                    HPOS="2383"
                    VPOS="2619"
                    WIDTH="1098"
                    HEIGHT="136"></String>
          </TextLine>

          
          
          <TextLine ID="eSc_line_cd734b11"
                    
                    BASELINE="2393 2806 2745 2802 3429 2766" 
                    HPOS="2387"
                    VPOS="2692"
                    WIDTH="1039"
                    HEIGHT="159">
            <Shape><Polygon POINTS="3390 2696 3344 2696 3308 2696 3290 2696 3253 2701 3208 2701 3203 2701 2387 2733 2392 2805 2392 2851 3426 2805 3426 2764 3413 2692 3390 2696"/></Shape>
	    <String CONTENT="s ifait crois sus de dieu demaieste"
                    HPOS="2387"
                    VPOS="2692"
                    WIDTH="1039"
                    HEIGHT="159"></String>
          </TextLine>

          
          
          <TextLine ID="eSc_line_1431db0e"
                    
                    BASELINE="2400 2909 2614 2884 3392 2854" 
                    HPOS="2392"
                    VPOS="2783"
                    WIDTH="998"
                    HEIGHT="141">
            <Shape><Polygon POINTS="2396 2906 2396 2924 3390 2878 3390 2851 3376 2783 2392 2819 2396 2906"/></Shape>
	    <String CONTENT="⁊ li hanas de uint tous arases"
                    HPOS="2392"
                    VPOS="2783"
                    WIDTH="998"
                    HEIGHT="141"></String>
          </TextLine>

          
          
          <TextLine ID="eSc_line_7944c58e"
                    
                    BASELINE="2399 2989 3460 2921" 
                    HPOS="2387"
                    VPOS="2851"
                    WIDTH="1071"
                    HEIGHT="159">
            <Shape><Polygon POINTS="3162 2865 3157 2865 2506 2892 2478 2901 2433 2906 2428 2896 2387 2896 2396 2988 2396 3010 3454 2956 3458 2919 3449 2851 3162 2860 3162 2865"/></Shape>
	    <String CONTENT="li rois leprent ladame ladonne"
                    HPOS="2387"
                    VPOS="2851"
                    WIDTH="1071"
                    HEIGHT="159"
                    WC="0.99707913796107"></String>
          </TextLine>

          
          
          <TextLine ID="eSc_line_c58cd353"
                    
                    BASELINE="2384 3061 2942 3030 3460 2996" 
                    HPOS="2374"
                    VPOS="2924"
                    WIDTH="1084"
                    HEIGHT="159">
            <Shape><Polygon POINTS="3376 2928 3358 2928 3299 2928 3285 2933 3239 2937 3194 2937 3148 2942 3103 2942 3057 2947 3012 2951 2966 2951 2920 2956 2875 2960 2829 2960 2784 2965 2738 2969 2693 2969 2647 2974 2601 2978 2556 2978 2510 2983 2469 2983 2424 2988 2419 2974 2374 2974 2383 3060 2383 3083 3458 3038 3458 2992 3449 2924 3390 2924 3376 2928"/></Shape>
	    <String CONTENT="⁊ elle ibut puis lahuon liure"
                    HPOS="2374"
                    VPOS="2924"
                    WIDTH="1084"
                    HEIGHT="159"></String>
          </TextLine>

          
          
          <TextLine ID="eSc_line_bf807c9e"
                    
                    BASELINE="2402 3133 3182 3106 3287 3092" 
                    HPOS="2396"
                    VPOS="3019"
                    WIDTH="889"
                    HEIGHT="151">
            <Shape><Polygon POINTS="2533 3056 2488 3056 2483 3056 2442 3060 2396 3060 2401 3129 2401 3170 3285 3129 3285 3088 3267 3019 2570 3051 2533 3056"/></Shape>
	    <String CONTENT="⁊ illerent .Ge. le barbe"
                    HPOS="2396"
                    VPOS="3019"
                    WIDTH="889"
                    HEIGHT="151"></String>
          </TextLine>

          
          
          <TextLine ID="eSc_line_f2ca494d"
                    
                    BASELINE="2401 3237 3255 3187 3668 3136" 
                    HPOS="2387"
                    VPOS="3051"
                    WIDTH="1281"
                    HEIGHT="214">
            <Shape><Polygon POINTS="2396 3234 2396 3252 3043 3247 3198 3220 3308 3220 3353 3252 3372 3265 3376 3265 3381 3265 3385 3265 3668 3247 3663 3133 3645 3051 3504 3088 3376 3074 3340 3074 3335 3074 3331 3074 3326 3074 3321 3083 3294 3106 2920 3133 2784 3133 2424 3138 2419 3138 2415 3138 2387 3156 2396 3234"/></Shape>
	    <String CONTENT="d u uin ont but tout.iii. a gñt plente"
                    HPOS="2387"
                    VPOS="3051"
                    WIDTH="1281"
                    HEIGHT="214"></String>
          </TextLine>

          
          
          <TextLine ID="eSc_line_18a4d29c"
                    
                    BASELINE="2407 3313 3288 3258" 
                    HPOS="2396"
                    VPOS="3193"
                    WIDTH="889"
                    HEIGHT="150">
            <Shape><Polygon POINTS="2898 3206 2893 3206 2825 3206 2807 3211 2766 3211 2756 3211 2715 3215 2670 3220 2624 3220 2579 3224 2533 3229 2488 3229 2442 3234 2396 3234 2406 3311 2406 3343 3285 3329 3285 3256 3271 3193 2898 3202 2898 3206"/></Shape>
	    <String CONTENT="⁊ auberons a huon apelle"
                    HPOS="2396"
                    VPOS="3193"
                    WIDTH="889"
                    HEIGHT="150"></String>
          </TextLine>

          
          
          <TextLine ID="eSc_line_7d3faf85"
                    
                    BASELINE="2408 3373 2903 3410 3428 3467 3494 3498" 
                    HPOS="2401"
                    VPOS="3284"
                    WIDTH="1098"
                    HEIGHT="232">
            <Shape><Polygon POINTS="2406 3370 2401 3407 3481 3516 3490 3493 3499 3366 2410 3284 2406 3370"/></Shape>
	    <String CONTENT="a mis fait il or tost si uous leres"
                    HPOS="2401"
                    VPOS="3284"
                    WIDTH="1098"
                    HEIGHT="232"></String>
          </TextLine>

          
          
          <TextLine ID="eSc_line_c8f30698"
                    
                    BASELINE="2410 3469 3033 3501 3276 3546 3494 3598" 
                    HPOS="2401"
                    VPOS="3379"
                    WIDTH="1094"
                    HEIGHT="214">
            <Shape><Polygon POINTS="3449 3480 3444 3475 2406 3379 2406 3466 2401 3489 3463 3593 3490 3593 3495 3480 3449 3475 3449 3480"/></Shape>
	    <String CONTENT="⁊ si prendes cest bon hanap do cler"
                    HPOS="2401"
                    VPOS="3379"
                    WIDTH="1094"
                    HEIGHT="214"></String>
          </TextLine>

          
          
          <TextLine ID="eSc_line_7eb968db"
                    
                    BASELINE="2416 3554 3157 3592" 
                    HPOS="2410"
                    VPOS="3470"
                    WIDTH="743"
                    HEIGHT="151">
            <Shape><Polygon POINTS="3144 3521 3103 3511 2615 3480 2597 3480 2556 3475 2547 3475 2506 3475 2460 3470 2415 3470 2415 3552 2410 3580 3144 3621 3153 3589 3153 3525 3144 3521"/></Shape>
	    <String CONTENT="s ileportes .klm̾. leber"
                    HPOS="2410"
                    VPOS="3470"
                    WIDTH="743"
                    HEIGHT="151"></String>
          </TextLine>

          
          
          <TextLine ID="eSc_line_15d2240e"
                    
                    BASELINE="2413 3639 3421 3714" 
                    HPOS="2406"
                    VPOS="3557"
                    WIDTH="1011"
                    HEIGHT="178">
            <Shape><Polygon POINTS="2551 3562 2506 3557 2460 3557 2415 3557 2410 3634 2406 3657 3413 3735 3417 3712 3417 3625 2588 3562 2551 3562"/></Shape>
	    <String CONTENT="e n non depais aboire lidonnes"
                    HPOS="2406"
                    VPOS="3557"
                    WIDTH="1011"
                    HEIGHT="178"></String>
          </TextLine>

          
          
          <TextLine ID="eSc_line_e590aa8a"
                    
                    BASELINE="2410 3730 3490 3790" 
                    HPOS="2401"
                    VPOS="3639"
                    WIDTH="1085"
                    HEIGHT="168">
            <Shape><Polygon POINTS="2406 3725 2401 3744 3476 3807 3486 3789 3486 3707 2406 3639 2406 3725"/></Shape>
	    <String CONTENT="s il neleprent par sainte carite"
                    HPOS="2401"
                    VPOS="3639"
                    WIDTH="1085"
                    HEIGHT="168"></String>
          </TextLine>

          
          
          <TextLine ID="eSc_line_2c08111d"
                    
                    BASELINE="2416 3812 3279 3853 3488 3875" 
                    HPOS="2410"
                    VPOS="3730"
                    WIDTH="1076"
                    HEIGHT="164">
            <Shape><Polygon POINTS="3463 3789 3417 3789 3372 3785 3326 3780 3280 3780 3235 3776 3189 3776 3144 3771 3098 3771 3053 3766 3007 3762 2961 3762 2916 3757 2870 3757 2825 3753 2779 3748 2734 3748 2688 3744 2642 3744 2597 3739 2551 3735 2506 3735 2460 3730 2415 3730 2415 3807 2410 3848 3476 3894 3486 3871 3486 3789 3463 3789"/></Shape>
	    <String CONTENT="i ou liferai chierement comparer"
                    HPOS="2410"
                    VPOS="3730"
                    WIDTH="1076"
                    HEIGHT="164"></String>
          </TextLine>

          
          
          <TextLine ID="eSc_line_f1eec1f0"
                    
                    BASELINE="2395 3897 3182 3929 3364 3932" 
                    HPOS="2387"
                    VPOS="3826"
                    WIDTH="975"
                    HEIGHT="145">
            <Shape><Polygon POINTS="3121 3844 3075 3839 3030 3839 2984 3835 2939 3835 2893 3835 2848 3830 2802 3830 2756 3826 2711 3826 2392 3826 2392 3894 2387 3917 3353 3971 3362 3930 3362 3867 3148 3844 3121 3844"/></Shape>
	    <String CONTENT="c harles loi sienfu abosmes"
                    HPOS="2387"
                    VPOS="3826"
                    WIDTH="975"
                    HEIGHT="145"></String>
          </TextLine>

          
          
          <TextLine ID="eSc_line_7bbf73d8"
                    
                    BASELINE="2395 3970 3225 4021 3421 4029" 
                    HPOS="2387"
                    VPOS="3899"
                    WIDTH="1030"
                    HEIGHT="154">
            <Shape><Polygon POINTS="2893 3917 2848 3917 2802 3912 2756 3912 2711 3908 2665 3908 2620 3908 2574 3903 2529 3903 2483 3899 2437 3899 2392 3899 2392 3967 2387 3999 3408 4053 3417 4026 3417 3949 2902 3917 2893 3917"/></Shape>
	    <String CONTENT="l a noise oi parmi la Grant chite"
                    HPOS="2387"
                    VPOS="3899"
                    WIDTH="1030"
                    HEIGHT="154"></String>
          </TextLine>

          
          
          <TextLine ID="eSc_line_d68421da"
                    
                    BASELINE="2392 4033 2520 4035 3185 4084 3338 4109" 
                    HPOS="2383"
                    VPOS="3971"
                    WIDTH="952"
                    HEIGHT="155">
            <Shape><Polygon POINTS="2889 3994 2870 3990 2829 3990 2797 3990 2752 3985 2706 3985 2661 3981 2615 3981 2570 3976 2524 3976 2478 3971 2433 3971 2392 3971 2387 4031 2383 4053 3331 4126 3335 4108 3335 4022 2893 3994 2889 3994"/></Shape>
	    <String CONTENT="c e fu lipulles auberon le fae"
                    HPOS="2383"
                    VPOS="3971"
                    WIDTH="952"
                    HEIGHT="155"></String>
          </TextLine>

          
          
          <TextLine ID="eSc_line_f73f0f54"
                    
                    BASELINE="2392 4109 2484 4111 3158 4160 3441 4157" 
                    HPOS="2383"
                    VPOS="4044"
                    WIDTH="1057"
                    HEIGHT="151">
            <Shape><Polygon POINTS="2387 4108 2383 4135 3431 4195 3440 4154 3431 4094 2387 4044 2387 4108"/></Shape>
	    <String CONTENT="t ant eni ot co[u] ne lespuet [$]oubrer"
                    HPOS="2383"
                    VPOS="4044"
                    WIDTH="1057"
                    HEIGHT="151"></String>
          </TextLine>

          
          
          <TextLine ID="eSc_line_7af653d2"
                    
                    BASELINE="2392 4180 2502 4181 3000 4220 3342 4237" 
                    HPOS="2378"
                    VPOS="4113"
                    WIDTH="962"
                    HEIGHT="209">
            <Shape><Polygon POINTS="3253 4158 3208 4158 3162 4158 3116 4158 3071 4154 3025 4149 2980 4149 2934 4145 2889 4140 2843 4135 2797 4135 2752 4131 2706 4126 2661 4122 2615 4122 2570 4117 2524 4113 2478 4113 2433 4113 2387 4113 2387 4176 2378 4258 2688 4245 2911 4277 3208 4322 3212 4322 3217 4322 3335 4286 3340 4236 3340 4163 3262 4158 3253 4158"/></Shape>
	    <String CONTENT=".k̾. enfu mout forment effraes"
                    HPOS="2378"
                    VPOS="4113"
                    WIDTH="962"
                    HEIGHT="209"></String>
          </TextLine>

          
        </TextBlock>
        
        <TextBlock HPOS="4066"
                   VPOS="526"
                   WIDTH="1202"
                   HEIGHT="3724"
                   ID="eSc_textblock_3bf1190a"
                   TAGREFS="BT5014">
          <Shape><Polygon POINTS="4335 526 4244 1063 4203 1446 4131 2127 4066 3372 4176 4250 5207 4213 5180 1887 5268 1598 5250 1266 5146 1030 5161 564"/></Shape>
          
          
          <TextLine ID="eSc_line_7c101b2c"
                    
                    BASELINE="4376 592 4790 624 5007 631" 
                    HPOS="4370"
                    VPOS="528"
                    WIDTH="633"
                    HEIGHT="123">
            <Shape><Polygon POINTS="4966 555 4921 551 4875 551 4830 546 4784 546 4739 542 4693 542 4648 542 4602 537 4556 537 4511 532 4465 532 4420 528 4374 528 4374 587 4370 610 4994 651 5003 628 5003 555 4966 555"/></Shape>
	    <String CONTENT="n amlũ apele si la araisõne"
                    HPOS="4370"
                    VPOS="528"
                    WIDTH="633"
                    HEIGHT="123"></String>
          </TextLine>

          
          
          <TextLine ID="eSc_line_d32b1f66"
                    
                    BASELINE="4373 649 4876 680 5127 685" 
                    HPOS="4365"
                    VPOS="592"
                    WIDTH="761"
                    HEIGHT="132">
            <Shape><Polygon POINTS="4871 614 4843 610 4798 610 4780 610 4761 605 4689 605 4689 605 4684 601 4370 592 4370 646 4365 674 5117 724 5126 683 5121 624 4903 614 4871 614"/></Shape>
	    <String CONTENT="n amles dist .kl̾. amoy en encendes"
                    HPOS="4365"
                    VPOS="592"
                    WIDTH="761"
                    HEIGHT="132"></String>
          </TextLine>

          
          
          <TextLine ID="eSc_line_112fb0c6"
                    
                    BASELINE="4367 713 4968 752 5124 747" 
                    HPOS="4360"
                    VPOS="646"
                    WIDTH="761"
                    HEIGHT="142">
            <Shape><Polygon POINTS="5003 683 4957 683 4912 683 4866 678 4821 678 4775 674 4730 674 4684 669 4638 665 4593 665 4547 660 4502 655 4456 655 4411 651 4365 646 4365 710 4360 737 5112 788 5121 742 5112 687 5035 683 5003 683"/></Shape>
	    <String CONTENT="b ñ me dist hues quil seroit ꝯfortes"
                    HPOS="4360"
                    VPOS="646"
                    WIDTH="761"
                    HEIGHT="142"></String>
          </TextLine>

          
          
          <TextLine ID="eSc_line_05cc79f6"
                    
                    BASELINE="4364 771 4983 810 5124 812" 
                    HPOS="4356"
                    VPOS="710"
                    WIDTH="765"
                    HEIGHT="141">
            <Shape><Polygon POINTS="4816 737 4812 733 4739 733 4725 733 4698 728 4661 728 4634 728 4588 724 4543 724 4497 719 4452 719 4406 715 4360 710 4360 769 4356 806 5112 851 5121 810 5121 756 4816 737 4816 737"/></Shape>
	    <String CONTENT="⁊ secourus amoi en fust man gres"
                    HPOS="4356"
                    VPOS="710"
                    WIDTH="765"
                    HEIGHT="141"></String>
          </TextLine>

          
          
          <TextLine ID="eSc_line_9d6d5517"
                    
                    BASELINE="4337 835 4688 850 4922 883 5143 891" 
                    HPOS="4329"
                    VPOS="774"
                    WIDTH="811"
                    HEIGHT="159">
            <Shape><Polygon POINTS="4333 833 4329 870 4347 888 4351 888 4356 888 4360 888 4474 874 4488 874 5131 933 5140 888 5135 819 4333 774 4333 833"/></Shape>
	    <String CONTENT="m ais ie [coi] die ne fesist que gaber"
                    HPOS="4329"
                    VPOS="774"
                    WIDTH="811"
                    HEIGHT="159"></String>
          </TextLine>

          
          
          <TextLine ID="eSc_line_7225175f"
                    
                    BASELINE="4325 907 4691 923 4946 962 5068 967" 
                    HPOS="4319"
                    VPOS="833"
                    WIDTH="748"
                    HEIGHT="169">
            <Shape><Polygon POINTS="4374 838 4329 833 4324 906 4319 933 5062 1002 5067 965 5062 901 4415 838 4374 838"/></Shape>
	    <String CONTENT="h ues saisi le bon hanap dor cler"
                    HPOS="4319"
                    VPOS="833"
                    WIDTH="748"
                    HEIGHT="169"></String>
          </TextLine>

          
          
          <TextLine ID="eSc_line_a05649df"
                    
                    BASELINE="4303 972 4908 1031" 
                    HPOS="4297"
                    VPOS="906"
                    WIDTH="610"
                    HEIGHT="155">
            <Shape><Polygon POINTS="4301 970 4297 988 4898 1061 4907 1029 4903 965 4306 906 4301 970"/></Shape>
	    <String CONTENT="u int a klõn. se li a presente"
                    HPOS="4297"
                    VPOS="906"
                    WIDTH="610"
                    HEIGHT="155"></String>
          </TextLine>

          
          
          <TextLine ID="eSc_line_c72fe860"
                    
                    BASELINE="4285 1026 5090 1132" 
                    HPOS="4274"
                    VPOS="951"
                    WIDTH="816"
                    HEIGHT="215">
            <Shape><Polygon POINTS="4547 983 4433 970 4424 970 4379 965 4333 961 4333 956 4288 951 4283 1024 4274 1065 5071 1166 5085 1129 5090 1056 4584 988 4561 988"/></Shape>
	    <String CONTENT="l i roys le prist quil ne losa ueer"
                    HPOS="4274"
                    VPOS="951"
                    WIDTH="816"
                    HEIGHT="215"></String>
          </TextLine>

          
          
          <TextLine ID="eSc_line_a770559e"
                    
                    BASELINE="4279 1093 4524 1132 4843 1187 5159 1206" 
                    HPOS="4274"
                    VPOS="1029"
                    WIDTH="884"
                    HEIGHT="219">
            <Shape><Polygon POINTS="5049 1129 5008 1120 4962 1115 4916 1111 4871 1102 4825 1097 4780 1093 4734 1088 4689 1079 4643 1074 4597 1070 4556 1061 4511 1056 4465 1052 4420 1043 4374 1038 4329 1033 4283 1029 4278 1088 4274 1115 4315 1129 4324 1129 5149 1248 5158 1202 5158 1134 5049 1115 5049 1129"/></Shape>
	    <String CONTENT="l ues quil le tint li uins sen est ales"
                    HPOS="4274"
                    VPOS="1029"
                    WIDTH="884"
                    HEIGHT="219"></String>
          </TextLine>

          
          
          <TextLine ID="eSc_line_603ef090"
                    
                    BASELINE="4274 1122 4509 1204 4924 1283 5207 1300" 
                    HPOS="4256"
                    VPOS="1088"
                    WIDTH="947"
                    HEIGHT="269">
            <Shape><Polygon POINTS="4761 1175 4720 1166 4675 1156 4629 1152 4584 1143 4538 1134 4493 1129 4452 1120 4406 1111 4360 1106 4315 1097 4274 1088 4269 1120 4256 1184 4657 1298 4661 1298 5190 1357 5203 1298 5203 1234 4907 1207 4766 1175 4761 1175"/></Shape>
	    <String CONTENT="[$] aussaus dist. k̶. uous maues encante"
                    HPOS="4256"
                    VPOS="1088"
                    WIDTH="947"
                    HEIGHT="269"></String>
          </TextLine>

          
          
          <TextLine ID="eSc_line_683beb3e"
                    
                    BASELINE="4234 1476 4509 1435 4822 1393 5206 1394" 
                    HPOS="4219"
                    VPOS="1293"
                    WIDTH="984"
                    HEIGHT="201">
            <Shape><Polygon POINTS="5176 1298 5149 1293 4219 1348 4233 1475 4233 1494 5203 1412 5203 1393 5194 1298 5176 1298"/></Shape>
	    <String CONTENT="d ist auberons ains faut uo mauaisties"
                    HPOS="4219"
                    VPOS="1293"
                    WIDTH="984"
                    HEIGHT="201"></String>
          </TextLine>

          
          
          <TextLine ID="eSc_line_e5e4fa4b"
                    
                    BASELINE="4240 1550 4394 1529 4395 1528 4488 1508 4700 1478 5018 1475" 
                    HPOS="4228"
                    VPOS="1398"
                    WIDTH="789"
                    HEIGHT="164">
            <Shape><Polygon POINTS="4319 1466 4274 1471 4228 1475 4237 1548 4237 1562 5017 1503 5017 1471 5003 1398 4360 1457 4319 1466"/></Shape>
	    <String CONTENT="c ar li hanas est de tel dignite"
                    HPOS="4228"
                    VPOS="1398"
                    WIDTH="789"
                    HEIGHT="164"></String>
          </TextLine>

          
          
          <TextLine ID="eSc_line_91ebf8da"
                    
                    BASELINE="4247 1610 4388 1609 4804 1554 5249 1555" 
                    HPOS="4237"
                    VPOS="1471"
                    WIDTH="1007"
                    HEIGHT="155">
            <Shape><Polygon POINTS="4962 1475 4916 1475 4898 1475 4461 1507 4461 1512 4415 1516 4370 1525 4329 1530 4283 1539 4237 1544 4242 1607 4242 1626 5244 1585 5244 1553 5235 1475 5008 1471 5008 1475"/></Shape>
	    <String CONTENT="n ue ni puet boire sil nest preudõ clames"
                    HPOS="4237"
                    VPOS="1471"
                    WIDTH="1007"
                    HEIGHT="155"></String>
          </TextLine>

          
          
          <TextLine ID="eSc_line_e2d4164c"
                    
                    BASELINE="4253 1668 4395 1674 4686 1639 5065 1641" 
                    HPOS="4247"
                    VPOS="1571"
                    WIDTH="815"
                    HEIGHT="109">
            <Shape><Polygon POINTS="4474 1598 4429 1603 4383 1607 4338 1612 4292 1612 4247 1612 4251 1667 4251 1680 5062 1658 5062 1639 5053 1571 4561 1585 4520 1594"/></Shape>
	    <String CONTENT="⁊ nes ⁊ [$]urs ⁊ sans pechie mortel"
                    HPOS="4247"
                    VPOS="1571"
                    WIDTH="815"
                    HEIGHT="109"></String>
          </TextLine>

          
          
          <TextLine ID="eSc_line_e438d3db"
                    
                    BASELINE="4251 1712 4419 1746 4600 1728 5189 1711" 
                    HPOS="4222"
                    VPOS="1639"
                    WIDTH="963"
                    HEIGHT="114">
            <Shape><Polygon POINTS="4556 1653 4511 1658 4465 1662 4420 1671 4379 1671 4333 1671 4301 1683 4256 1671 4231 1674 4222 1721 4247 1753 5185 1753 5185 1708 5172 1639 4620 1644 4602 1648"/></Shape>
	    <String CONTENT="d [roit] emꝑeres si me puist dix saluer"
                    HPOS="4222"
                    VPOS="1639"
                    WIDTH="963"
                    HEIGHT="114"></String>
          </TextLine>

          
          
          <TextLine ID="eSc_line_2a6aa0ab"
                    
                    BASELINE="4250 1763 4437 1811 5099 1808" 
                    HPOS="4242"
                    VPOS="1712"
                    WIDTH="852"
                    HEIGHT="128">
            <Shape><Polygon POINTS="4784 1721 4739 1726 4693 1726 4648 1726 4602 1726 4556 1730 4511 1735 4465 1740 4420 1744 4379 1740 4333 1730 4288 1721 4247 1712 4247 1762 4242 1808 4283 1812 4288 1808 4301 1817 4438 1840 4442 1840 5090 1831 5094 1803 5085 1726 4802 1721 4784 1721"/></Shape>
	    <String CONTENT="i ou en sai .[u]. qui est mlt̃ crimines"
                    HPOS="4242"
                    VPOS="1712"
                    WIDTH="852"
                    HEIGHT="128"></String>
          </TextLine>

          
          
          <TextLine ID="eSc_line_12cd8658"
                    
                    BASELINE="4266 1807 4406 1879 4556 1882 5143 1881" 
                    HPOS="4260"
                    VPOS="1781"
                    WIDTH="880"
                    HEIGHT="132">
            <Shape><Polygon POINTS="5021 1799 5008 1799 4761 1808 4698 1803 4657 1803 4611 1808 4565 1808 4520 1808 4474 1808 4429 1808 4383 1799 4342 1790 4306 1781 4265 1803 4260 1881 4420 1913 4424 1913 5135 1908 5140 1876 5131 1794 5067 1794 5067 1799"/></Shape>
	    <String CONTENT="q̾ uous fesistes mlt̾ a lonc tans passe"
                    HPOS="4260"
                    VPOS="1781"
                    WIDTH="880"
                    HEIGHT="132"></String>
          </TextLine>

          
          
          <TextLine ID="eSc_line_6c6235b6"
                    
                    BASELINE="4172 2024 4367 2005 4428 1958 5087 1960" 
                    HPOS="4164"
                    VPOS="1885"
                    WIDTH="921"
                    HEIGHT="137">
            <Shape><Polygon POINTS="4269 2017 4538 1990 5076 1995 5085 1958 5076 1885 4164 1894 4169 2022"/></Shape>
	    <String CONTENT="r e [$$$$ $$] fustes a prestre ꝯfesses"
                    HPOS="4164"
                    VPOS="1885"
                    WIDTH="921"
                    HEIGHT="137"></String>
          </TextLine>

          
          
          <TextLine ID="eSc_line_4f270a9f"
                    
                    BASELINE="4167 2072 4470 2043 5109 2029" 
                    HPOS="4152"
                    VPOS="1958"
                    WIDTH="956"
                    HEIGHT="141">
            <Shape><Polygon POINTS="4342 2008 4297 2013 4251 2013 4205 2019 4177 2020 4152 2028 4164 2067 4164 2099 5108 2063 5108 2026 5094 1958 4388 1981 4388 1985"/></Shape>
	    <String CONTENT="s ene mestoit pour uo cors auiller"
                    HPOS="4152"
                    VPOS="1958"
                    WIDTH="956"
                    HEIGHT="141"></String>
          </TextLine>

          
          
          <TextLine ID="eSc_line_b8fe23ef"
                    
                    BASELINE="4167 2144 5122 2122" 
                    HPOS="4160"
                    VPOS="2049"
                    WIDTH="961"
                    HEIGHT="110">
            <Shape><Polygon POINTS="4164 2140 4164 2159 5121 2159 5121 2118 5108 2049 4160 2067 4164 2140"/></Shape>
	    <String CONTENT="i ou le diroie uoiant tout le barne"
                    HPOS="4160"
                    VPOS="2049"
                    WIDTH="961"
                    HEIGHT="110"></String>
          </TextLine>

          
          
          <TextLine ID="eSc_line_4b2b2816"
                    
                    BASELINE="4155 2215 5050 2212" 
                    HPOS="4131"
                    VPOS="2127"
                    WIDTH="918"
                    HEIGHT="118">
            <Shape><Polygon POINTS="4648 2131 4602 2131 4556 2131 4511 2136 4465 2136 4420 2136 4374 2136 4329 2140 4283 2140 4237 2140 4192 2140 4164 2140 4131 2163 4151 2213 4151 2236 5039 2245 5049 2209 5035 2127 4720 2127 4693 2131"/></Shape>
	    <String CONTENT="l i roys se tent mlt̾ fu espoentes"
                    HPOS="4131"
                    VPOS="2127"
                    WIDTH="918"
                    HEIGHT="118"></String>
          </TextLine>

          
          
          <TextLine ID="eSc_line_c1973ad9"
                    
                    BASELINE="4157 2280 4196 2280 4249 2286 4974 2294" 
                    HPOS="4151"
                    VPOS="2213"
                    WIDTH="820"
                    HEIGHT="100">
            <Shape><Polygon POINTS="4930 2213 4884 2213 4839 2213 4793 2213 4748 2213 4702 2213 4657 2213 4611 2213 4565 2213 4520 2213 4474 2213 4429 2213 4383 2213 4338 2213 4292 2213 4247 2213 4201 2213 4155 2213 4155 2277 4151 2313 4966 2313 4971 2291 4966 2213 4930 2213"/></Shape>
	    <String CONTENT="d uremẽt criẽt auberõ le fae"
                    HPOS="4151"
                    VPOS="2213"
                    WIDTH="820"
                    HEIGHT="100"></String>
          </TextLine>

          
          
          <TextLine ID="eSc_line_7a810568"
                    
                    BASELINE="4119 2374 5048 2379" 
                    HPOS="4110"
                    VPOS="2291"
                    WIDTH="934"
                    HEIGHT="109">
            <Shape><Polygon POINTS="4114 2373 4110 2400 5039 2395 5044 2377 5039 2295 4114 2291 4114 2373"/></Shape>
	    <String CONTENT="n eli fesist hontage ⁊ cruaute"
                    HPOS="4110"
                    VPOS="2291"
                    WIDTH="934"
                    HEIGHT="109"></String>
          </TextLine>

          
          
          <TextLine ID="eSc_line_261dfc33"
                    
                    BASELINE="4126 2455 5168 2466" 
                    HPOS="4119"
                    VPOS="2368"
                    WIDTH="1048"
                    HEIGHT="119">
            <Shape><Polygon POINTS="4123 2450 4119 2473 5158 2487 5167 2464 5167 2373 4123 2368 4123 2450"/></Shape>
	    <String CONTENT="h ues reprent le bon hanap bor cler"
                    HPOS="4119"
                    VPOS="2368"
                    WIDTH="1048"
                    HEIGHT="119"></String>
          </TextLine>

          
          
          <TextLine ID="eSc_line_7cd3b730"
                    
                    BASELINE="4124 2535 5019 2549" 
                    HPOS="4119"
                    VPOS="2459"
                    WIDTH="898"
                    HEIGHT="110">
            <Shape><Polygon POINTS="4989 2464 4944 2464 4898 2464 4853 2464 4807 2459 4761 2459 4716 2459 4670 2459 4625 2459 4579 2459 4534 2459 4488 2459 4123 2459 4123 2532 4119 2555 5008 2569 5017 2546 5012 2464 4989 2464"/></Shape>
	    <String CONTENT="⁊ si le porte duc naml̾ le barbe"
                    HPOS="4119"
                    VPOS="2459"
                    WIDTH="898"
                    HEIGHT="110"></String>
          </TextLine>

          
          
          <TextLine ID="eSc_line_f6798d3d"
                    
                    BASELINE="4127 2603 5160 2624" 
                    HPOS="4119"
                    VPOS="2528"
                    WIDTH="1039"
                    HEIGHT="118">
            <Shape><Polygon POINTS="4534 2528 4488 2528 4442 2528 4397 2528 4351 2528 4306 2528 4260 2528 4215 2528 4169 2528 4123 2528 4123 2600 4119 2623 5149 2646 5158 2623 5153 2541 4534 2528 4534 2528"/></Shape>
	    <String CONTENT="l i dus le prent si but du uin asses"
                    HPOS="4119"
                    VPOS="2528"
                    WIDTH="1039"
                    HEIGHT="118"></String>
          </TextLine>

          
          
          <TextLine ID="eSc_line_f27433ef"
                    
                    BASELINE="4112 2681 5160 2714" 
                    HPOS="4105"
                    VPOS="2610"
                    WIDTH="1053"
                    HEIGHT="127">
            <Shape><Polygon POINTS="5112 2623 5067 2623 5021 2623 4976 2623 4948 2619 4807 2619 4793 2619 4748 2619 4739 2614 4110 2610 4110 2678 4105 2701 5149 2737 5158 2710 5158 2623 5112 2623"/></Shape>
	    <String CONTENT="a ins not baron plus dedens la cite"
                    HPOS="4105"
                    VPOS="2610"
                    WIDTH="1053"
                    HEIGHT="127"></String>
          </TextLine>

          
          
          <TextLine ID="eSc_line_e7abf10d"
                    
                    BASELINE="4121 2754 4708 2789 5120 2793" 
                    HPOS="4114"
                    VPOS="2682"
                    WIDTH="1003"
                    HEIGHT="137">
            <Shape><Polygon POINTS="4119 2751 4114 2778 5108 2819 5117 2792 5117 2714 4119 2682 4119 2751"/></Shape>
	    <String CONTENT="q ui au hanap peust plus a deser"
                    HPOS="4114"
                    VPOS="2682"
                    WIDTH="1003"
                    HEIGHT="137"></String>
          </TextLine>

          
          
          <TextLine ID="eSc_line_7014bda6"
                    
                    BASELINE="4120 2838 4743 2871 5124 2876" 
                    HPOS="4114"
                    VPOS="2764"
                    WIDTH="1007"
                    HEIGHT="142">
            <Shape><Polygon POINTS="4939 2792 4894 2792 4848 2792 4802 2792 4757 2792 4711 2792 4666 2787 4620 2783 4575 2783 4529 2778 4520 2773 4119 2764 4119 2837 4114 2874 5112 2906 5121 2874 5121 2796 4976 2792 4939 2792"/></Shape>
	    <String CONTENT="q̾ tous li uins nen fust errãt ales"
                    HPOS="4114"
                    VPOS="2764"
                    WIDTH="1007"
                    HEIGHT="142"></String>
          </TextLine>

          
          
          <TextLine ID="eSc_line_a35bb05b"
                    
                    BASELINE="4111 2926 5114 2965" 
                    HPOS="4105"
                    VPOS="2837"
                    WIDTH="1007"
                    HEIGHT="155">
            <Shape><Polygon POINTS="4976 2874 4930 2874 4884 2874 4839 2874 4793 2874 4748 2874 4702 2869 4657 2869 4611 2865 4565 2865 4520 2860 4474 2860 4429 2855 4383 2855 4338 2851 4292 2846 4247 2846 4201 2842 4155 2842 4151 2837 4110 2837 4110 2924 4105 2942 5103 2992 5112 2960 5108 2878 4994 2874 4976 2874"/></Shape>
	    <String CONTENT="u ers auberõ est hues retournes"
                    HPOS="4105"
                    VPOS="2837"
                    WIDTH="1007"
                    HEIGHT="155"></String>
          </TextLine>

          
          
          <TextLine ID="eSc_line_3d2015c5"
                    
                    BASELINE="4110 3003 4855 3049 5139 3039" 
                    HPOS="4101"
                    VPOS="2924"
                    WIDTH="1034"
                    HEIGHT="150">
            <Shape><Polygon POINTS="5108 2960 5062 2960 5017 2960 4971 2956 4925 2956 4880 2956 4834 2951 4789 2951 4743 2951 4698 2947 4652 2947 4606 2942 4561 2942 4515 2942 4470 2937 4424 2937 4379 2937 4333 2933 4288 2933 4242 2933 4196 2928 4151 2928 4105 2924 4105 3001 4101 3038 5126 3074 5135 3038 5131 2960 5108 2956 5108 2960"/></Shape>
	    <String CONTENT="l es lui sasist uoiant tout le barne"
                    HPOS="4101"
                    VPOS="2924"
                    WIDTH="1034"
                    HEIGHT="150"></String>
          </TextLine>

          
          
          <TextLine ID="eSc_line_9a8c01a2"
                    
                    BASELINE="4103 3084 4664 3109 5099 3126" 
                    HPOS="4096"
                    VPOS="3010"
                    WIDTH="998"
                    HEIGHT="142">
            <Shape><Polygon POINTS="5058 3042 5012 3042 4966 3047 4921 3047 4875 3047 4830 3047 4784 3047 4739 3042 4693 3038 4648 3038 4602 3033 4556 3033 4511 3029 4465 3024 4420 3024 4374 3019 4329 3019 4288 3015 4101 3010 4101 3083 4096 3101 4648 3152 4652 3152 5090 3142 5094 3124 5094 3042 5058 3042"/></Shape>
	    <String CONTENT="e t auberons afait namlũ leuer"
                    HPOS="4096"
                    VPOS="3010"
                    WIDTH="998"
                    HEIGHT="142"></String>
          </TextLine>

          
          
          <TextLine ID="eSc_line_79376af3"
                    
                    BASELINE="4112 3154 4724 3209 5004 3206" 
                    HPOS="4105"
                    VPOS="3088"
                    WIDTH="898"
                    HEIGHT="155">
            <Shape><Polygon POINTS="4611 3106 4565 3106 4520 3101 4474 3101 4429 3097 4383 3097 4338 3097 4292 3092 4247 3092 4201 3088 4155 3088 4110 3088 4110 3152 4105 3179 4616 3238 4620 3243 4994 3243 5003 3202 4998 3129 4702 3111 4625 3106 4611 3106"/></Shape>
	    <String CONTENT="d e iouste lui la sist a son coste"
                    HPOS="4105"
                    VPOS="3088"
                    WIDTH="898"
                    HEIGHT="155"></String>
          </TextLine>

          
          
          <TextLine ID="eSc_line_1f359bb8"
                    
                    BASELINE="4121 3227 4638 3289 5136 3297" 
                    HPOS="4114"
                    VPOS="3156"
                    WIDTH="1021"
                    HEIGHT="169">
            <Shape><Polygon POINTS="4347 3174 4301 3170 4256 3165 4210 3165 4164 3161 4119 3156 4119 3224 4114 3256 4397 3302 5126 3325 5135 3293 5135 3215 4625 3206 4383 3174 4347 3174"/></Shape>
	    <String CONTENT="d ist auberons namles chi uous sees"
                    HPOS="4114"
                    VPOS="3156"
                    WIDTH="1021"
                    HEIGHT="169"></String>
          </TextLine>

          
          
          <TextLine ID="eSc_line_bea2a7f1"
                    
                    BASELINE="4131 3300 4485 3358 4818 3367 5181 3371" 
                    HPOS="4123"
                    VPOS="3234"
                    WIDTH="1053"
                    HEIGHT="195">
            <Shape><Polygon POINTS="4994 3293 4948 3293 4903 3293 4853 3293 4807 3293 4761 3293 4716 3293 4670 3293 4625 3288 4584 3284 4538 3279 4493 3275 4447 3265 4401 3261 4356 3256 4310 3252 4265 3247 4224 3238 4133 3234 4128 3297 4123 3357 4201 3343 4315 3370 4329 3375 4333 3375 4438 3379 5039 3398 5167 3429 5176 3370 5172 3302 5030 3293 4994 3293"/></Shape>
	    <String CONTENT="c ar preudom estes iou lai bñ esproue"
                    HPOS="4123"
                    VPOS="3234"
                    WIDTH="1053"
                    HEIGHT="195"></String>
          </TextLine>

          
          
          <TextLine ID="eSc_line_c168d266"
                    
                    BASELINE="4128 3367 4515 3431 4971 3443 5050 3443" 
                    HPOS="4119"
                    VPOS="3306"
                    WIDTH="930"
                    HEIGHT="183">
            <Shape><Polygon POINTS="4670 3357 4625 3352 4579 3352 4534 3352 4488 3347 4442 3343 4397 3334 4356 3325 4128 3306 4123 3366 4119 3411 4133 3420 4160 3425 4205 3434 4251 3443 4292 3448 4698 3484 4702 3489 5039 3489 5049 3439 5044 3384 4720 3357 4716 3357"/></Shape>
	    <String CONTENT="⁊ ꝑ mon cors qui petis est asses"
                    HPOS="4119"
                    VPOS="3306"
                    WIDTH="930"
                    HEIGHT="183"></String>
          </TextLine>

          
          
          <TextLine ID="eSc_line_3828aa1f"
                    
                    BASELINE="4119 3427 4555 3519 5122 3535" 
                    HPOS="4105"
                    VPOS="3366"
                    WIDTH="1016"
                    HEIGHT="218">
            <Shape><Polygon POINTS="4565 3434 4520 3434 4474 3425 4429 3420 4388 3411 4342 3402 4297 3398 4251 3388 4205 3384 4164 3375 4119 3366 4114 3425 4105 3470 4743 3562 4748 3562 4912 3552 4962 3584 4966 3584 4971 3584 4976 3584 5117 3566 5121 3534 5121 3461 4761 3457 4597 3434 4565 3434"/></Shape>
	    <String CONTENT="i ou uous ensai a meruelles bõ gre"
                    HPOS="4105"
                    VPOS="3366"
                    WIDTH="1016"
                    HEIGHT="218"></String>
          </TextLine>

          
          
          <TextLine ID="eSc_line_f8bd4e1d"
                    
                    BASELINE="4127 3505 4555 3592 4905 3617" 
                    HPOS="4114"
                    VPOS="3429"
                    WIDTH="789"
                    HEIGHT="246">
            <Shape><Polygon POINTS="4716 3525 4693 3521 4661 3521 4625 3521 4579 3521 4534 3516 4488 3507 4483 3507 4196 3461 4155 3434 4133 3429 4123 3502 4114 3552 4374 3630 4379 3630 4889 3675 4903 3616 4903 3539 4720 3525 4716 3525"/></Shape>
	    <String CONTENT="l i petis roys a klõn apelle"
                    HPOS="4114"
                    VPOS="3429"
                    WIDTH="789"
                    HEIGHT="246"></String>
          </TextLine>

          
          
          <TextLine ID="eSc_line_270f9c9a"
                    
                    BASELINE="4156 3779 4403 3761 4635 3727 5096 3713" 
                    HPOS="4146"
                    VPOS="3575"
                    WIDTH="948"
                    HEIGHT="228">
            <Shape><Polygon POINTS="4155 3803 5094 3744 5094 3712 5080 3575 4935 3584 4930 3584 4925 3584 4916 3593 4853 3630 4634 3625 4570 3625 4565 3625 4146 3680 4155 3776"/></Shape>
	    <String CONTENT="d rois emꝑeres dist auberõs li ber"
                    HPOS="4146"
                    VPOS="3575"
                    WIDTH="948"
                    HEIGHT="228"></String>
          </TextLine>

          
          
          <TextLine ID="eSc_line_6b9df665"
                    
                    BASELINE="4160 3838 4671 3806 5124 3786" 
                    HPOS="4151"
                    VPOS="3721"
                    WIDTH="970"
                    HEIGHT="141">
            <Shape><Polygon POINTS="4739 3725 4693 3725 4648 3725 4602 3730 4561 3739 4515 3744 4470 3748 4424 3757 4379 3762 4333 3766 4288 3766 4242 3771 4196 3776 4151 3776 4155 3835 4155 3862 5121 3812 5121 3785 5108 3721 4752 3721 4739 3725"/></Shape>
	    <String CONTENT="o r faites pais p᷑ diu si mentendes"
                    HPOS="4151"
                    VPOS="3721"
                    WIDTH="970"
                    HEIGHT="141"></String>
          </TextLine>

          
          
          <TextLine ID="eSc_line_6f266da2"
                    
                    BASELINE="4169 3908 4360 3905 4671 3871 5109 3858" 
                    HPOS="4160"
                    VPOS="3794"
                    WIDTH="948"
                    HEIGHT="146">
            <Shape><Polygon POINTS="4164 3903 4164 3940 5108 3894 5108 3853 5094 3794 4160 3839 4164 3903"/></Shape>
	    <String CONTENT="u es chi huon quaues deshyrete"
                    HPOS="4160"
                    VPOS="3794"
                    WIDTH="948"
                    HEIGHT="146"></String>
          </TextLine>

          
          
          <TextLine ID="eSc_line_0d1fb821"
                    
                    BASELINE="4173 3993 5143 3940" 
                    HPOS="4160"
                    VPOS="3871"
                    WIDTH="980"
                    HEIGHT="164">
            <Shape><Polygon POINTS="4169 3990 4169 4035 5140 3981 5140 3935 5126 3871 4160 3921 4169 3990"/></Shape>
	    <String CONTENT="a mlt̃ gnͣt tort si toles son regne"
                    HPOS="4160"
                    VPOS="3871"
                    WIDTH="980"
                    HEIGHT="164"></String>
          </TextLine>

          
          
          <TextLine ID="eSc_line_4609059d"
                    
                    BASELINE="4184 4053 5098 4022" 
                    HPOS="4178"
                    VPOS="3949"
                    WIDTH="916"
                    HEIGHT="145">
            <Shape><Polygon POINTS="4183 4049 4183 4094 5094 4067 5094 4017 5080 3949 4178 3990 4183 4049"/></Shape>
	    <String CONTENT="c ar prodũ est ⁊ plaĩs de loiaute"
                    HPOS="4178"
                    VPOS="3949"
                    WIDTH="916"
                    HEIGHT="145"></String>
          </TextLine>

          
          
          <TextLine ID="eSc_line_f76b2c82"
                    
                    BASELINE="4215 4128 5067 4094" 
                    HPOS="4205"
                    VPOS="4026"
                    WIDTH="857"
                    HEIGHT="137">
            <Shape><Polygon POINTS="4210 4126 4210 4163 5062 4126 5062 4090 5049 4026 4205 4063 4210 4126"/></Shape>
	    <String CONTENT="r oys ie uous di en fine uerite"
                    HPOS="4205"
                    VPOS="4026"
                    WIDTH="857"
                    HEIGHT="137"></String>
          </TextLine>

          
          
          <TextLine ID="eSc_line_1f0753ff"
                    
                    BASELINE="4209 4193 5206 4159" 
                    HPOS="4201"
                    VPOS="4072"
                    WIDTH="1002"
                    HEIGHT="223">
            <Shape><Polygon POINTS="4657 4108 4611 4113 4565 4113 4520 4117 4474 4117 4429 4117 4383 4122 4338 4122 4292 4126 4247 4126 4237 4108 4201 4126 4205 4190 4205 4245 4374 4277 4379 4277 4383 4277 4452 4254 4502 4240 4570 4258 4593 4268 4597 4268 4602 4268 4606 4268 4625 4263 4675 4245 4720 4268 4780 4295 4784 4295 4789 4295 4793 4295 4871 4272 4916 4258 4962 4277 5008 4290 5012 4290 5017 4290 5203 4281 5203 4158 5190 4072 5017 4108 4702 4108 4657 4108"/></Shape>
	    <String CONTENT="q̾ il fist certes uo message outre mer"
                    HPOS="4201"
                    VPOS="4072"
                    WIDTH="1002"
                    HEIGHT="223"></String>
          </TextLine>

          
        </TextBlock>
        
        <TextBlock HPOS="5283"
                   VPOS="526"
                   WIDTH="1304"
                   HEIGHT="3677"
                   ID="eSc_textblock_36f1c0d3"
                   TAGREFS="BT5015">
          <Shape><Polygon POINTS="5283 526 5320 4203 6540 4184 6587 2947 6474 526"/></Shape>
          
          
          <TextLine ID="eSc_line_715fa544"
                    
                    BASELINE="5321 594 5377 603 6237 605" 
                    HPOS="5313"
                    VPOS="528"
                    WIDTH="920"
                    HEIGHT="105">
            <Shape><Polygon POINTS="6179 528 6133 528 6087 528 6042 528 5996 528 5951 528 5905 528 5860 528 5814 528 5769 528 5723 528 5677 528 5632 528 5586 528 5541 528 5495 528 5450 528 5404 528 5358 528 5317 528 5317 598 5313 619 6224 633 6233 601 6229 528 6224 528"/></Shape>
	    <String CONTENT="a u roy gandisse u [$$] [$$$$] cler"
                    HPOS="5313"
                    VPOS="528"
                    WIDTH="920"
                    HEIGHT="105"></String>
          </TextLine>

          
          
          <TextLine ID="eSc_line_84ed9c69"
                    
                    BASELINE="5304 667 6192 669" 
                    HPOS="5299"
                    VPOS="596"
                    WIDTH="889"
                    HEIGHT="114">
            <Shape><Polygon POINTS="5299 665 5299 710 6188 710 6188 665 6188 605 5299 596 5299 665"/></Shape>
	    <String CONTENT="i ou li aidai lamiral a tuer"
                    HPOS="5299"
                    VPOS="596"
                    WIDTH="889"
                    HEIGHT="114"></String>
          </TextLine>

          
          
          <TextLine ID="eSc_line_4daef359"
                    
                    BASELINE="5316 743 6330 747" 
                    HPOS="5313"
                    VPOS="674"
                    WIDTH="1016"
                    HEIGHT="114">
            <Shape><Polygon POINTS="5313 742 5313 783 6324 788 6329 742 6329 678 5313 674 5313 742"/></Shape>
	    <String CONTENT="d esous ses pies li fis certes uerser"
                    HPOS="5313"
                    VPOS="674"
                    WIDTH="1016"
                    HEIGHT="114"></String>
          </TextLine>

          
          
          <TextLine ID="eSc_line_b89665ac"
                    
                    BASELINE="5307 825 6198 826" 
                    HPOS="5304"
                    VPOS="751"
                    WIDTH="893"
                    HEIGHT="109">
            <Shape><Polygon POINTS="5304 824 5304 851 6192 860 6197 824 6197 760 5304 751 5304 824"/></Shape>
	    <String CONTENT="i l li osta .iiii. dens maisselers"
                    HPOS="5304"
                    VPOS="751"
                    WIDTH="893"
                    HEIGHT="109"></String>
          </TextLine>

          
          
          <TextLine ID="eSc_line_961dcc26"
                    
                    BASELINE="5327 903 5683 917 6374 917" 
                    HPOS="5322"
                    VPOS="842"
                    WIDTH="1048"
                    HEIGHT="114">
            <Shape><Polygon POINTS="5326 901 5322 956 6365 956 6370 915 6370 842 5326 842 5326 901"/></Shape>
	    <String CONTENT="s a blance barre li ui certes cauper"
                    HPOS="5322"
                    VPOS="842"
                    WIDTH="1048"
                    HEIGHT="114"></String>
          </TextLine>

          
          
          <TextLine ID="eSc_line_5c91eb3c"
                    
                    BASELINE="5321 978 5595 992 6450 1002" 
                    HPOS="5313"
                    VPOS="915"
                    WIDTH="1134"
                    HEIGHT="118">
            <Shape><Polygon POINTS="6365 920 6320 920 6274 920 6229 920 6183 920 6138 920 6092 920 6046 920 6001 920 5955 920 5910 920 5864 920 5819 920 5773 920 5727 920 5682 920 5636 915 5591 915 5317 915 5317 974 5313 1029 6438 1033 6447 997 6443 915 6365 915 6365 920"/></Shape>
	    <String CONTENT="⁊ [$$$s] les mis gerianme ens el coste"
                    HPOS="5313"
                    VPOS="915"
                    WIDTH="1134"
                    HEIGHT="118"></String>
          </TextLine>

          
          
          <TextLine ID="eSc_line_766ef3cf"
                    
                    BASELINE="5321 1062 5576 1081 6150 1087" 
                    HPOS="5313"
                    VPOS="997"
                    WIDTH="834"
                    HEIGHT="114">
            <Shape><Polygon POINTS="5317 1061 5313 1097 6138 1111 6147 1084 6142 1011 5317 997 5317 1061"/></Shape>
	    <String CONTENT="p [$$] poeir de diu de maiste"
                    HPOS="5313"
                    VPOS="997"
                    WIDTH="834"
                    HEIGHT="114"></String>
          </TextLine>

          
          
          <TextLine ID="eSc_line_528bbaa1"
                    
                    BASELINE="5313 1138 6018 1156 6301 1153" 
                    HPOS="5304"
                    VPOS="1070"
                    WIDTH="993"
                    HEIGHT="132">
            <Shape><Polygon POINTS="5308 1134 5304 1179 6288 1202 6297 1152 6293 1088 5308 1070 5308 1134"/></Shape>
	    <String CONTENT="l i sousbaidai ensi cõ uous uees"
                    HPOS="5304"
                    VPOS="1070"
                    WIDTH="993"
                    HEIGHT="132"></String>
          </TextLine>

          
          
          <TextLine ID="eSc_line_6d57121b"
                    
                    BASELINE="5322 1223 6301 1234" 
                    HPOS="5313"
                    VPOS="1143"
                    WIDTH="984"
                    HEIGHT="127">
            <Shape><Polygon POINTS="5313 1261 6288 1270 6297 1229 6293 1166 5317 1143 5317 1220"/></Shape>
	    <String CONTENT="b ñ le uns dist chou fu la u̾ites"
                    HPOS="5313"
                    VPOS="1143"
                    WIDTH="984"
                    HEIGHT="127"></String>
          </TextLine>

          
          
          <TextLine ID="eSc_line_99a73abf"
                    
                    BASELINE="5304 1302 6448 1313" 
                    HPOS="5295"
                    VPOS="1234"
                    WIDTH="1152"
                    HEIGHT="127">
            <Shape><Polygon POINTS="5299 1298 5295 1334 6438 1361 6447 1311 6443 1248 5299 1234 5299 1298"/></Shape>
	    <String CONTENT="m ais ni l[$$] uaufistes ne croire nesouter"
                    HPOS="5295"
                    VPOS="1234"
                    WIDTH="1152"
                    HEIGHT="127"></String>
          </TextLine>

          
          
          <TextLine ID="eSc_line_c4d4d1dd"
                    
                    BASELINE="5324 1385 5362 1384 6308 1396" 
                    HPOS="5317"
                    VPOS="1307"
                    WIDTH="989"
                    HEIGHT="123">
            <Shape><Polygon POINTS="5322 1384 5317 1425 6297 1430 6306 1393 6306 1325 5322 1307 5322 1384"/></Shape>
	    <String CONTENT="m ais ie uous iur en fine loiaute"
                    HPOS="5317"
                    VPOS="1307"
                    WIDTH="989"
                    HEIGHT="123"></String>
          </TextLine>

          
          
          <TextLine ID="eSc_line_05561603"
                    
                    BASELINE="5324 1473 5420 1472 5432 1472 6448 1477" 
                    HPOS="5317"
                    VPOS="1398"
                    WIDTH="1130"
                    HEIGHT="114">
            <Shape><Polygon POINTS="5322 1471 5317 1503 6438 1512 6447 1475 6443 1402 5322 1398 5322 1471"/></Shape>
	    <String CONTENT="q̾ bñ lempuis tesmongnage porter."
                    HPOS="5317"
                    VPOS="1398"
                    WIDTH="1130"
                    HEIGHT="114"></String>
          </TextLine>

          
          
          <TextLine ID="eSc_line_ba46a22a"
                    
                    BASELINE="5324 1555 6305 1557" 
                    HPOS="5322"
                    VPOS="1480"
                    WIDTH="980"
                    HEIGHT="123">
            <Shape><Polygon POINTS="5322 1553 5322 1594 6297 1603 6302 1553 6302 1489 5322 1480 5322 1553"/></Shape>
	    <String CONTENT="q ũ aquil uous a ⁊ dit ⁊ deuise"
                    HPOS="5322"
                    VPOS="1480"
                    WIDTH="980"
                    HEIGHT="123"></String>
          </TextLine>

          
          
          <TextLine ID="eSc_line_5de6c236"
                    
                    BASELINE="5325 1633 6408 1641" 
                    HPOS="5317"
                    VPOS="1557"
                    WIDTH="1089"
                    HEIGHT="123">
            <Shape><Polygon POINTS="5322 1630 5317 1667 6397 1680 6406 1639 6402 1566 5322 1557 5322 1630"/></Shape>
	    <String CONTENT="b ñ li tesmong que chou est uerites"
                    HPOS="5317"
                    VPOS="1557"
                    WIDTH="1089"
                    HEIGHT="123"></String>
          </TextLine>

          
          
          <TextLine ID="eSc_line_1adc206a"
                    
                    BASELINE="5325 1718 6408 1718" 
                    HPOS="5322"
                    VPOS="1644"
                    WIDTH="1084"
                    HEIGHT="109">
            <Shape><Polygon POINTS="5322 1717 5322 1753 6406 1749 6406 1717 6406 1653 5322 1644 5322 1717"/></Shape>
	    <String CONTENT="u es la gerart le maluais traitel"
                    HPOS="5322"
                    VPOS="1644"
                    WIDTH="1084"
                    HEIGHT="109"></String>
          </TextLine>

          
          
          <TextLine ID="eSc_line_07ad799f"
                    
                    BASELINE="5311 1795 6236 1792" 
                    HPOS="5304"
                    VPOS="1721"
                    WIDTH="929"
                    HEIGHT="119">
            <Shape><Polygon POINTS="5308 1794 5308 1840 6229 1840 6233 1790 6224 1730 5304 1721 5308 1794"/></Shape>
	    <String CONTENT="qͥ son frere a ⁊ trahy ⁊ role"
                    HPOS="5304"
                    VPOS="1721"
                    WIDTH="929"
                    HEIGHT="119"></String>
          </TextLine>

          
          
          <TextLine ID="eSc_line_7f70e81d"
                    
                    BASELINE="5311 1870 5378 1870 5441 1879 6404 1881" 
                    HPOS="5304"
                    VPOS="1799"
                    WIDTH="1098"
                    HEIGHT="114">
            <Shape><Polygon POINTS="5308 1867 5304 1913 6397 1913 6402 1876 6397 1812 5308 1799 5308 1867"/></Shape>
	    <String CONTENT="s i faitement ꝯ uous dire mores"
                    HPOS="5304"
                    VPOS="1799"
                    WIDTH="1098"
                    HEIGHT="114"></String>
          </TextLine>

          
          
          <TextLine ID="eSc_line_0760e9a6"
                    
                    BASELINE="5311 1952 5396 1952 5423 1952 6404 1954" 
                    HPOS="5308"
                    VPOS="1885"
                    WIDTH="1094"
                    HEIGHT="110">
            <Shape><Polygon POINTS="5308 1949 5308 1990 6397 1995 6402 1949 6397 1885 5308 1885 5308 1949"/></Shape>
	    <String CONTENT="t out maĩtenant li ferai recorder"
                    HPOS="5308"
                    VPOS="1885"
                    WIDTH="1094"
                    HEIGHT="110"></String>
          </TextLine>

          
          
          <TextLine ID="eSc_line_a9af2a92"
                    
                    BASELINE="5311 2029 5393 2028 5435 2031 6404 2038" 
                    HPOS="5304"
                    VPOS="1954"
                    WIDTH="1098"
                    HEIGHT="132">
            <Shape><Polygon POINTS="5308 2026 5304 2063 6393 2086 6402 2036 6397 1963 5308 1954 5308 2026"/></Shape>
	    <String CONTENT="s i que uous tout le pores escouter"
                    HPOS="5304"
                    VPOS="1954"
                    WIDTH="1098"
                    HEIGHT="132"></String>
          </TextLine>

          
          
          <TextLine ID="eSc_line_2108cb4a"
                    
                    BASELINE="5316 2118 5399 2116 5420 2119 6322 2122 6404 2125" 
                    HPOS="5308"
                    VPOS="2040"
                    WIDTH="1094"
                    HEIGHT="128">
            <Shape><Polygon POINTS="5313 2113 5308 2154 6393 2168 6402 2122 6397 2054 5313 2040 5313 2113"/></Shape>
	    <String CONTENT="d ist auberons girart auãt uenes"
                    HPOS="5308"
                    VPOS="2040"
                    WIDTH="1094"
                    HEIGHT="128"></String>
          </TextLine>

          
          
          <TextLine ID="eSc_line_c23c078d"
                    
                    BASELINE="5316 2211 6230 2208" 
                    HPOS="5308"
                    VPOS="2131"
                    WIDTH="921"
                    HEIGHT="119">
            <Shape><Polygon POINTS="5313 2209 5313 2250 6224 2241 6229 2204 6220 2136 5308 2131 5313 2209"/></Shape>
	    <String CONTENT="⁊ il i uint quil ne losa ueer"
                    HPOS="5308"
                    VPOS="2131"
                    WIDTH="921"
                    HEIGHT="119"></String>
          </TextLine>

          
          
          <TextLine ID="eSc_line_66a31125"
                    
                    BASELINE="5316 2282 6404 2288" 
                    HPOS="5308"
                    VPOS="2213"
                    WIDTH="1094"
                    HEIGHT="114">
            <Shape><Polygon POINTS="5313 2277 5308 2313 6393 2327 6402 2286 6397 2213 5313 2213 5313 2277"/></Shape>
	    <String CONTENT="t out ensement ꝯmẽcha atrãbler"
                    HPOS="5308"
                    VPOS="2213"
                    WIDTH="1094"
                    HEIGHT="114"></String>
          </TextLine>

          
          
          <TextLine ID="eSc_line_62ee2fcb"
                    
                    BASELINE="5320 2369 6458 2373" 
                    HPOS="5317"
                    VPOS="2295"
                    WIDTH="1140"
                    HEIGHT="119">
            <Shape><Polygon POINTS="5317 2368 5317 2409 6452 2414 6457 2368 6457 2295 5317 2295 5317 2368"/></Shape>
	    <String CONTENT="q̾ fait la fuelle qnͣt il uente en este"
                    HPOS="5317"
                    VPOS="2295"
                    WIDTH="1140"
                    HEIGHT="119"></String>
          </TextLine>

          
          
          <TextLine ID="eSc_line_cb499656"
                    
                    BASELINE="5320 2456 5399 2456 5444 2456 6458 2456" 
                    HPOS="5317"
                    VPOS="2386"
                    WIDTH="1140"
                    HEIGHT="119">
            <Shape><Polygon POINTS="5317 2455 5317 2505 6457 2500 6457 2455 6457 2386 5317 2386 5317 2455"/></Shape>
	    <String CONTENT="d ist auberõs girart or mentendes"
                    HPOS="5317"
                    VPOS="2386"
                    WIDTH="1140"
                    HEIGHT="119"></String>
          </TextLine>

          
          
          <TextLine ID="eSc_line_20773fe5"
                    
                    BASELINE="5320 2529 5384 2529 5438 2532 6355 2545" 
                    HPOS="5313"
                    VPOS="2464"
                    WIDTH="1039"
                    HEIGHT="109">
            <Shape><Polygon POINTS="5317 2528 5313 2564 6343 2573 6352 2541 6347 2468 5317 2464 5317 2528"/></Shape>
	    <String CONTENT="i e uous ꝯiur de diu de maiste"
                    HPOS="5313"
                    VPOS="2464"
                    WIDTH="1039"
                    HEIGHT="109"></String>
          </TextLine>

          
          
          <TextLine ID="eSc_line_053936c5"
                    
                    BASELINE="5328 2617 6473 2617" 
                    HPOS="5326"
                    VPOS="2541"
                    WIDTH="1144"
                    HEIGHT="119">
            <Shape><Polygon POINTS="5326 2614 5326 2655 6466 2660 6470 2614 6470 2550 5326 2541 5326 2614"/></Shape>
	    <String CONTENT="d oille ⁊ de cresme de baptesme ⁊ de sel"
                    HPOS="5326"
                    VPOS="2541"
                    WIDTH="1144"
                    HEIGHT="119"></String>
          </TextLine>

          
          
          <TextLine ID="eSc_line_d4a8f27d"
                    
                    BASELINE="5320 2695 5390 2696 5441 2702 6333 2702" 
                    HPOS="5313"
                    VPOS="2619"
                    WIDTH="1016"
                    HEIGHT="109">
            <Shape><Polygon POINTS="5317 2692 5313 2723 6320 2728 6329 2701 6324 2628 5317 2619 5317 2692"/></Shape>
	    <String CONTENT="d e quaques dix a sait ⁊ estore"
                    HPOS="5313"
                    VPOS="2619"
                    WIDTH="1016"
                    HEIGHT="109"
                    WC="0.968956114784364"></String>
          </TextLine>

          
          
          <TextLine ID="eSc_line_5949a2f6"
                    
                    BASELINE="5320 2783 5396 2784 5435 2781 6333 2786" 
                    HPOS="5313"
                    VPOS="2701"
                    WIDTH="1016"
                    HEIGHT="123">
            <Shape><Polygon POINTS="6315 2705 6270 2705 6224 2705 6179 2705 6133 2705 6087 2705 6042 2705 5996 2705 5951 2705 5905 2705 5860 2705 5814 2705 5769 2705 5723 2705 5677 2705 5632 2705 5586 2705 5541 2705 5495 2705 5450 2705 5445 2701 5317 2701 5317 2778 5313 2814 6320 2824 6329 2783 6320 2701 6315 2705"/></Shape>
	    <String CONTENT="⁊ du pooir que ihũs ma done"
                    HPOS="5313"
                    VPOS="2701"
                    WIDTH="1016"
                    HEIGHT="123"
                    WC="0.989731843982424"></String>
          </TextLine>

          
          
          <TextLine ID="eSc_line_bd4c1bce"
                    
                    BASELINE="5320 2868 5411 2869 5417 2869 6383 2869" 
                    HPOS="5317"
                    VPOS="2792"
                    WIDTH="1062"
                    HEIGHT="114">
            <Shape><Polygon POINTS="5317 2865 5317 2906 6379 2906 6379 2865 6375 2792 5317 2796 5317 2865"/></Shape>
	    <String CONTENT="u ous ꝯiur non que dites uerite"
                    HPOS="5317"
                    VPOS="2792"
                    WIDTH="1062"
                    HEIGHT="114"></String>
          </TextLine>

          
          
          <TextLine ID="eSc_line_bfaec58b"
                    
                    BASELINE="5320 2949 5393 2951 5441 2954 6592 2948" 
                    HPOS="5313"
                    VPOS="2869"
                    WIDTH="1276"
                    HEIGHT="123">
            <Shape><Polygon POINTS="5317 2947 5317 2992 6584 2988 6589 2947 6575 2869 5313 2869 5317 2947"/></Shape>
	    <String CONTENT="s ans nulle doute que nul poĩt ni mẽtes"
                    HPOS="5313"
                    VPOS="2869"
                    WIDTH="1276"
                    HEIGHT="123"></String>
          </TextLine>

          
          
          <TextLine ID="eSc_line_fe52f0ab"
                    
                    BASELINE="5320 3030 5390 3030 5444 3039 6408 3026" 
                    HPOS="5313"
                    VPOS="2951"
                    WIDTH="1093"
                    HEIGHT="123">
            <Shape><Polygon POINTS="6361 2951 6315 2951 6270 2951 6224 2951 6179 2951 6133 2951 6087 2951 6042 2951 5996 2951 5951 2951 5905 2951 5860 2951 5851 2951 5313 2951 5317 3029 5317 3074 6402 3074 6406 3024 6393 2951 6361 2951"/></Shape>
	    <String CONTENT="g erars lentent li sãs li est mues"
                    HPOS="5313"
                    VPOS="2951"
                    WIDTH="1093"
                    HEIGHT="123"></String>
          </TextLine>

          
          
          <TextLine ID="eSc_line_221a6bae"
                    
                    BASELINE="5320 3114 5384 3115 5438 3115 6408 3120" 
                    HPOS="5313"
                    VPOS="3033"
                    WIDTH="1093"
                    HEIGHT="119">
            <Shape><Polygon POINTS="5727 3038 5682 3038 5636 3038 5591 3038 5545 3038 5500 3038 5454 3038 5450 3033 5317 3033 5317 3111 5313 3147 6397 3152 6406 3115 6402 3042 5737 3033 5727 3038"/></Shape>
	    <String CONTENT="o r ne puet il mentir ne reculer"
                    HPOS="5313"
                    VPOS="3033"
                    WIDTH="1093"
                    HEIGHT="119"></String>
          </TextLine>

          
          
          <TextLine ID="eSc_line_a364387b"
                    
                    BASELINE="5320 3199 5384 3200 5438 3203 6458 3192" 
                    HPOS="5313"
                    VPOS="3120"
                    WIDTH="1144"
                    HEIGHT="118">
            <Shape><Polygon POINTS="5317 3197 5317 3238 6457 3229 6457 3188 6443 3120 5313 3124 5317 3197"/></Shape>
	    <String CONTENT="d ist gerars sire q̃ uaurroit li celers"
                    HPOS="5313"
                    VPOS="3120"
                    WIDTH="1144"
                    HEIGHT="118"></String>
          </TextLine>

          
          
          <TextLine ID="eSc_line_299330e0"
                    
                    BASELINE="5320 3284 5393 3285 5423 3285 6226 3280" 
                    HPOS="5313"
                    VPOS="3202"
                    WIDTH="911"
                    HEIGHT="118">
            <Shape><Polygon POINTS="5317 3279 5317 3320 6220 3316 6224 3279 6211 3202 5313 3206 5317 3279"/></Shape>
	    <String CONTENT="a labeie de .s̾. morisse es pres"
                    HPOS="5313"
                    VPOS="3202"
                    WIDTH="911"
                    HEIGHT="118"
                    WC="0.993985703215003"></String>
          </TextLine>

          
          
          <TextLine ID="eSc_line_f70b0de4"
                    
                    BASELINE="5311 3359 6336 3356" 
                    HPOS="5304"
                    VPOS="3279"
                    WIDTH="1030"
                    HEIGHT="132">
            <Shape><Polygon POINTS="5851 3284 5805 3284 5304 3284 5308 3357 5308 3411 6329 3393 6334 3352 6320 3279 5851 3279 5851 3284"/></Shape>
	    <String CONTENT="a lai mon frere ueoir ⁊ uisiter"
                    HPOS="5304"
                    VPOS="3279"
                    WIDTH="1030"
                    HEIGHT="132"></String>
          </TextLine>

          
          
          <TextLine ID="eSc_line_abc2cecd"
                    
                    BASELINE="5311 3442 6495 3440" 
                    HPOS="5308"
                    VPOS="3379"
                    WIDTH="1185"
                    HEIGHT="105">
            <Shape><Polygon POINTS="5308 3439 5308 3484 6493 3475 6493 3439 6493 3379 5308 3379 5308 3439"/></Shape>
	    <String CONTENT="⁊ li miens sires gibouars de uies mes"
                    HPOS="5308"
                    VPOS="3379"
                    WIDTH="1185"
                    HEIGHT="105"
                    WC="0.978760770849279"></String>
          </TextLine>

          
          
          <TextLine ID="eSc_line_cc72969c"
                    
                    BASELINE="5311 3521 5384 3522 5429 3528 6336 3521" 
                    HPOS="5304"
                    VPOS="3448"
                    WIDTH="1030"
                    HEIGHT="123">
            <Shape><Polygon POINTS="5308 3516 5308 3571 6329 3548 6334 3516 6324 3448 5304 3448 5308 3516"/></Shape>
	    <String CONTENT="a la u bruel le hauberc endosse"
                    HPOS="5304"
                    VPOS="3448"
                    WIDTH="1030"
                    HEIGHT="123"></String>
          </TextLine>

          
          
          <TextLine ID="eSc_line_c0b49f04"
                    
                    BASELINE="5315 3610 6336 3599" 
                    HPOS="5308"
                    VPOS="3525"
                    WIDTH="1026"
                    HEIGHT="123">
            <Shape><Polygon POINTS="5313 3607 5313 3648 6329 3634 6334 3598 6320 3525 5308 3534 5313 3607"/></Shape>
	    <String CONTENT="o lui mena de son gnͣt parente"
                    HPOS="5308"
                    VPOS="3525"
                    WIDTH="1026"
                    HEIGHT="123"
                    WC="0.967583002646764"></String>
          </TextLine>

          
          
          <TextLine ID="eSc_line_ac5df4c7"
                    
                    BASELINE="5318 3689 6476 3681" 
                    HPOS="5313"
                    VPOS="3612"
                    WIDTH="1162"
                    HEIGHT="113">
            <Shape><Polygon POINTS="5317 3684 5317 3721 6470 3725 6475 3680 6461 3612 5313 3612 5317 3684"/></Shape>
	    <String CONTENT="t out pour gaitier huon le baceler"
                    HPOS="5313"
                    VPOS="3612"
                    WIDTH="1162"
                    HEIGHT="113"></String>
          </TextLine>

          
          
          <TextLine ID="eSc_line_a070b760"
                    
                    BASELINE="5311 3771 6426 3763" 
                    HPOS="5304"
                    VPOS="3689"
                    WIDTH="1121"
                    HEIGHT="123">
            <Shape><Polygon POINTS="5308 3766 5308 3812 6420 3803 6425 3762 6411 3689 5304 3694 5308 3766"/></Shape>
	    <String CONTENT="d ist auberons .G. ꝯment parles"
                    HPOS="5304"
                    VPOS="3689"
                    WIDTH="1121"
                    HEIGHT="123"></String>
          </TextLine>

          
          
          <TextLine ID="eSc_line_b172f480"
                    
                    BASELINE="5305 3853 6426 3845" 
                    HPOS="5299"
                    VPOS="3771"
                    WIDTH="1126"
                    HEIGHT="123">
            <Shape><Polygon POINTS="5304 3848 5304 3894 6420 3889 6425 3844 6411 3771 5299 3780 5304 3848"/></Shape>
	    <String CONTENT="d ites plus haut si seres escoutes"
                    HPOS="5299"
                    VPOS="3771"
                    WIDTH="1126"
                    HEIGHT="123"></String>
          </TextLine>

          
          
          <TextLine ID="eSc_line_2392b877"
                    
                    BASELINE="5320 3932 5323 3932 6470 3924" 
                    HPOS="5313"
                    VPOS="3848"
                    WIDTH="1153"
                    HEIGHT="123">
            <Shape><Polygon POINTS="5317 3930 5317 3971 6466 3967 6466 3921 6452 3848 5313 3853 5317 3930"/></Shape>
	    <String CONTENT="s i que tout oient uo gnͣde loiaute"
                    HPOS="5313"
                    VPOS="3848"
                    WIDTH="1153"
                    HEIGHT="123"></String>
          </TextLine>

          
          
          <TextLine ID="eSc_line_0a8c7220"
                    
                    BASELINE="5334 4013 6383 4004" 
                    HPOS="5326"
                    VPOS="3930"
                    WIDTH="1053"
                    HEIGHT="128">
            <Shape><Polygon POINTS="5331 4012 5331 4058 6375 4044 6379 4003 6365 3930 5326 3940 5331 4012"/></Shape>
	    <String CONTENT="u oir dist .G. ie ne sai que parler"
                    HPOS="5326"
                    VPOS="3930"
                    WIDTH="1053"
                    HEIGHT="128"></String>
          </TextLine>

          
          
          <TextLine ID="eSc_line_dd88000c"
                    
                    BASELINE="5340 4092 6470 4074" 
                    HPOS="5331"
                    VPOS="4012"
                    WIDTH="1135"
                    HEIGHT="110">
            <Shape><Polygon POINTS="5336 4090 5336 4122 6466 4113 6466 4072 6452 4012 5331 4022 5336 4090"/></Shape>
	    <String CONTENT="c he mest auis malement ai ouure"
                    HPOS="5331"
                    VPOS="4012"
                    WIDTH="1135"
                    HEIGHT="110"></String>
          </TextLine>

          
          
          <TextLine ID="eSc_line_be5ea46b"
                    
                    BASELINE="5349 4156 5420 4154 6470 4144" 
                    HPOS="5340"
                    VPOS="4081"
                    WIDTH="1126"
                    HEIGHT="132">
            <Shape><Polygon POINTS="5345 4154 5345 4213 6466 4208 6466 4140 6452 4081 5340 4090 5345 4154"/></Shape>
	    <String CONTENT="q̾ uous direie si ait mame sante"
                    HPOS="5340"
                    VPOS="4081"
                    WIDTH="1126"
                    HEIGHT="132"></String>
          </TextLine>

          
        </TextBlock>
        
        <TextBlock HPOS="4385"
                   VPOS="4311"
                   WIDTH="516"
                   HEIGHT="157"
                   ID="eSc_textblock_eaadc186"
                   TAGREFS="BT5018">
          <Shape><Polygon POINTS="4385 4311 4385 4468 4813 4468 4901 4468 4901 4311"/></Shape>
          
          
          <TextLine ID="eSc_line_86caa6c9"
                    
                    BASELINE="4394 4424 4852 4439" 
                    HPOS="4391"
                    VPOS="4330"
                    WIDTH="461"
                    HEIGHT="152">
            <Shape><Polygon POINTS="4849 4357 4819 4345 4788 4345 4758 4342 4752 4342 4722 4357 4667 4384 4548 4381 4515 4354 4488 4333 4488 4333 4457 4330 4394 4348 4394 4424 4391 4482 4849 4473 4852 4439 4852 4363 4849 4357"/></Shape>
	    <String CONTENT="6e 57"
                    HPOS="4391"
                    VPOS="4330"
                    WIDTH="461"
                    HEIGHT="152"></String>
          </TextLine>

          
        </TextBlock>
        
        <TextBlock HPOS="6567"
                   VPOS="287"
                   WIDTH="371"
                   HEIGHT="76"
                   ID="eSc_textblock_de6b5e8c"
                   TAGREFS="BT5017">
          <Shape><Polygon POINTS="6567 287 6567 363 6938 363 6938 287"/></Shape>
          
          
          <TextLine ID="eSc_line_9826ce2a"
                    
                    BASELINE="6583 343 6905 355" 
                    HPOS="6580"
                    VPOS="242"
                    WIDTH="325"
                    HEIGHT="195">
            <Shape><Polygon POINTS="6890 245 6859 242 6829 242 6799 245 6768 249 6738 252 6720 255 6714 261 6686 285 6583 282 6583 343 6580 388 6656 391 6659 394 6695 428 6698 428 6702 428 6705 428 6708 428 6747 412 6765 431 6765 434 6768 434 6771 434 6866 437 6869 437 6872 437 6875 437 6902 412 6905 355 6905 245 6890 245"/></Shape>
	    <String CONTENT="CCCLIII"
                    HPOS="6580"
                    VPOS="242"
                    WIDTH="325"
                    HEIGHT="195"></String>
          </TextLine>

          
        </TextBlock>
        
        <TextBlock HPOS="6837"
                   VPOS="413"
                   WIDTH="151"
                   HEIGHT="101"
                   ID="eSc_textblock_214d51ea"
                   TAGREFS="BT5017">
          <Shape><Polygon POINTS="6837 413 6837 514 6988 514 6988 413"/></Shape>
          
          
          <TextLine ID="eSc_line_9bdd4187"
                    
                    BASELINE="6847 491 6994 485" 
                    HPOS="6835"
                    VPOS="396"
                    WIDTH="172"
                    HEIGHT="146">
            <Shape><Polygon POINTS="6840 542 6994 541 7007 454 7002 399 6835 396 6844 485"/></Shape>
	    <String CONTENT="353"
                    HPOS="6835"
                    VPOS="396"
                    WIDTH="172"
                    HEIGHT="146"></String>
          </TextLine>

          
        </TextBlock>
        
        <TextBlock HPOS="799"
                   VPOS="3449"
                   WIDTH="2966"
                   HEIGHT="1501"
                   ID="eSc_textblock_29dd59ee"
                   TAGREFS="BT5011">
          <Shape><Polygon POINTS="938 3491 852 3708 1027 3883 1024 3902 1022 3917 1009 3995 931 4185 830 4262 799 4731 1089 4950 1090 4943 1148 4696 1250 4679 1439 4686 1447 4690 1746 4691 1782 4796 1920 4885 1921 4884 2081 4670 2514 4662 2718 4704 2859 4687 2984 4789 3148 4657 3317 4653 3328 4737 3460 4882 3675 4196 3666 3827 3765 3449 3601 3488 3540 3713 3537 3721 3576 4202 3439 4457 3194 4469 2888 4313 2673 4489 2516 4449 2184 4515 2174 4363 2002 4266 1875 4393 1782 4221 1620 4209 1462 4310 1486 4362 1537 4472 1427 4457 1268 4422 1266 4023 1129 3593"/></Shape>
          
        </TextBlock>
        
        <TextBlock HPOS="732"
                   VPOS="446"
                   WIDTH="1654"
                   HEIGHT="2888"
                   ID="eSc_textblock_8ba6f8e3"
                   TAGREFS="BT5011">
          <Shape><Polygon POINTS="885 568 898 803 920 1068 1112 980 1017 1181 874 1351 949 1558 1025 1904 919 1936 732 2187 926 2377 1061 2385 1046 2561 1054 2823 910 2926 910 3078 990 3334 1198 3112 1157 1871 1194 707 1684 671 2019 540 2190 522 2140 617 2252 707 2386 638 2324 446 2012 490 1736 568 1466 636 1258 620 1074 555 1069 552"/></Shape>
          
        </TextBlock>
        
        <TextBlock HPOS="2767"
                   VPOS="3142"
                   WIDTH="1108"
                   HEIGHT="384"
                   ID="eSc_textblock_a5579aa0"
                   TAGREFS="BT5010">
          <Shape><Polygon POINTS="3875 3526 3872 3469 3856 3142 3604 3236 2767 3331 3490 3431"/></Shape>
          
        </TextBlock>
        
        <TextBlock HPOS="3956"
                   VPOS="3393"
                   WIDTH="1169"
                   HEIGHT="371"
                   ID="eSc_textblock_07cd14eb"
                   TAGREFS="BT5010">
          <Shape><Polygon POINTS="3969 3393 3956 3764 4326 3713 5125 3651 4620 3619 4151 3544"/></Shape>
          
        </TextBlock>
        
        <TextBlock HPOS="6555"
                   VPOS="4382"
                   WIDTH="666"
                   HEIGHT="671"
                   ID="eSc_textblock_4fb35b34"
                   TAGREFS="BT5010">
          <Shape><Polygon POINTS="6555 4399 6573 4482 6578 4485 6625 4519 6827 4733 6731 5053 7190 5034 7221 4544 7073 4537 6988 4441 6800 4389 6641 4382 6629 4385"/></Shape>
          
        </TextBlock>
        
        <TextBlock HPOS="7013"
                   VPOS="2299"
                   WIDTH="334"
                   HEIGHT="239"
                   ID="eSc_textblock_e2487d88"
                   TAGREFS="BT5010">
          <Shape><Polygon POINTS="7013 2299 7120 2412 7347 2538 7347 2299"/></Shape>
          
        </TextBlock>
        
        <TextBlock HPOS="4021"
                   VPOS="1702"
                   WIDTH="383"
                   HEIGHT="299"
                   ID="eSc_textblock_f25a4e0d"
                   TAGREFS="BT5010">
          <Shape><Polygon POINTS="4216 1954 4298 2001 4344 1993 4404 1934 4228 1729 4209 1726 4065 1702 4021 1891"/></Shape>
          
        </TextBlock>
        
        <TextBlock HPOS="4127"
                   VPOS="1092"
                   WIDTH="1188"
                   HEIGHT="327"
                   ID="eSc_textblock_98825b73"
                   TAGREFS="BT5010">
          <Shape><Polygon POINTS="4228 1092 4127 1419 4771 1343 5315 1337 4504 1218"/></Shape>
          
        </TextBlock>
        
        <TextBlock HPOS="7001"
                   VPOS="237"
                   WIDTH="283"
                   HEIGHT="1270"
                   ID="eSc_textblock_6d6cfdc2"
                   TAGREFS="BT5010">
          <Shape><Polygon POINTS="7026 237 7001 790 7075 1071 7117 1307 7213 1455 7284 1507 7284 237"/></Shape>
          
        </TextBlock>
        
        <TextBlock HPOS="2493"
                   VPOS="343"
                   WIDTH="1282"
                   HEIGHT="1943"
                   ID="eSc_textblock_c0c5f9a6"
                   TAGREFS="BT5010">
          <Shape><Polygon POINTS="2883 539 2845 589 2903 684 2788 823 2733 775 2518 589 2651 739 2493 834 2497 829 2722 813 2758 859 2990 1060 3079 1206 3047 1375 3126 1464 3081 1498 2903 1490 2593 1659 3154 1594 3172 1727 3075 1993 3078 1993 3247 1855 3399 1912 3460 2038 3404 2286 3511 2239 3591 2095 3669 2111 3644 1852 3703 1721 3691 1588 3769 1678 3766 1544 3775 351 3191 343 3242 386 3351 400 3315 510 3145 521 3152 550 2985 529 2960 532"/></Shape>
          
        </TextBlock>
        
        <TextBlock HPOS="2299"
                   VPOS="4895"
                   WIDTH="766"
                   HEIGHT="115"
                   ID="eSc_textblock_338e727c"
                   TAGREFS="BT5016">
          <Shape><Polygon POINTS="2299 5010 2303 4951 2520 4954 2719 4917 2864 4903 3065 4895 3049 4935 2928 4942 2772 4964 2533 5002"/></Shape>
          
        </TextBlock>
        
        <TextBlock HPOS="2154"
                   VPOS="375"
                   WIDTH="216"
                   HEIGHT="61"
                   ID="eSc_textblock_51378143"
                   TAGREFS="BT5010">
          <Shape><Polygon POINTS="2154 385 2211 426 2304 436 2370 436 2329 375"/></Shape>
          
        </TextBlock>
        
        <TextBlock HPOS="2509"
                   VPOS="359"
                   WIDTH="510"
                   HEIGHT="61"
                   ID="eSc_textblock_df09778b"
                   TAGREFS="BT5010">
          <Shape><Polygon POINTS="2509 364 2648 420 2890 415 3019 359"/></Shape>
          
        </TextBlock>
        
        <TextBlock HPOS="665"
                   VPOS="1373"
                   WIDTH="263"
                   HEIGHT="134"
                   ID="eSc_textblock_526d89db"
                   TAGREFS="BT5010">
          <Shape><Polygon POINTS="686 1373 665 1507 928 1383 928 1373"/></Shape>
          
        </TextBlock>
        
        <TextBlock HPOS="598"
                   VPOS="2356"
                   WIDTH="134"
                   HEIGHT="242"
                   ID="eSc_textblock_4615fef1"
                   TAGREFS="BT5010">
          <Shape><Polygon POINTS="598 2356 613 2598 732 2567 681 2505"/></Shape>
          
        </TextBlock>
        
        <TextBlock HPOS="933"
                   VPOS="4165"
                   WIDTH="720"
                   HEIGHT="886"
                   ID="eSc_textblock_d1ecef3e"
                   TAGREFS="BT5010">
          <Shape><Polygon POINTS="1061 4989 1191 4755 1028 4513 933 4165 1030 4297 1135 4495 1287 4564 1450 4758 1653 5051"/></Shape>
          
        </TextBlock>
        
        <TextBlock HPOS="2569"
                   VPOS="4819"
                   WIDTH="150"
                   HEIGHT="170"
                   ID="eSc_textblock_945e9d44"
                   TAGREFS="BT5010">
          <Shape><Polygon POINTS="2719 4989 2596 4819 2569 4829 2590 4983"/></Shape>
          
        </TextBlock>
        
        <TextBlock HPOS="1165"
                   VPOS="2803"
                   WIDTH="1189"
                   HEIGHT="1017"
                   ID="eSc_textblock_8332432b"
                   TAGREFS="BT5011">
          <Shape><Polygon POINTS="1175 3820 1165 3234 1237 3290 1222 2930 1291 2809 1375 2936 1352 2854 1347 2834 1455 2877 1524 2842 1534 2836 1937 2812 2179 2842 2197 2853 2248 2884 2269 2803 2328 2889 2354 3799"/></Shape>
          
        </TextBlock>
        

        
        <TextBlock ID="eSc_dummyblock_">
          
          
          <TextLine ID="eSc_line_8fd779c2"
                    
                    BASELINE="2225 4849 2638 4834" 
                    HPOS="2195"
                    VPOS="4627"
                    WIDTH="489"
                    HEIGHT="253">
            <Shape><Polygon POINTS="2222 4880 2664 4857 2638 4834 2684 4659 2624 4659 2589 4669 2563 4627 2512 4628 2486 4642 2461 4649 2449 4662 2429 4664 2426 4677 2419 4651 2429 4673 2439 4671 2437 4665 2393 4679 2371 4671 2195 4654 2225 4849"/></Shape>
	    <String CONTENT="VIII"
                    HPOS="2195"
                    VPOS="4627"
                    WIDTH="489"
                    HEIGHT="253"></String>
          </TextLine>

          
          
          <TextLine ID="eSc_line_d1070c8d"
                    
                    BASELINE="2681 4954 3058 4914" 
                    HPOS="2661"
                    VPOS="4791"
                    WIDTH="401"
                    HEIGHT="233">
            <Shape><Polygon POINTS="2679 4951 2683 5024 3062 4960 3057 4910 3039 4791 2866 4823 2661 4810 2679 4951"/></Shape>
	    <String CONTENT="$$ si la a raisonne"
                    HPOS="2661"
                    VPOS="4791"
                    WIDTH="401"
                    HEIGHT="233"></String>
          </TextLine>

          
          
          <TextLine ID="eSc_line_9785fbe7"
                    
                    BASELINE="2311 4992 2582 4981" 
                    HPOS="2301"
                    VPOS="4892"
                    WIDTH="278"
                    HEIGHT="168">
            <Shape><Polygon POINTS="2310 4987 2310 5060 2579 5033 2579 4978 2565 4892 2301 4910 2310 4987"/></Shape>
	    <String CONTENT="Nam lt[$$]"
                    HPOS="2301"
                    VPOS="4892"
                    WIDTH="278"
                    HEIGHT="168"></String>
          </TextLine>

          
        </TextBlock>
        
      </PrintSpace>
    </Page>
  </Layout>
</alto>
