<?xml version="1.0" encoding="UTF-8"?>
<alto xmlns:xsi="http://www.w3.org/2001/XMLSchema-instance"
      xmlns="http://www.loc.gov/standards/alto/ns-v4#"
      xsi:schemaLocation="http://www.loc.gov/standards/alto/ns-v4# http://www.loc.gov/standards/alto/v4/alto-4-2.xsd">
  <Description>
    <MeasurementUnit>pixel</MeasurementUnit>
    <sourceImageInformation>
      <fileName>IT-TO0265_MSL_II_14_Tome_03_0033.jpg</fileName>
      
    </sourceImageInformation>
  </Description>
  
  <Tags>
    <OtherTag ID="BT5094" LABEL="LargeCapitalZone" DESCRIPTION="block type LargeCapitalZone"/><OtherTag ID="BT5020" LABEL="StampZone" DESCRIPTION="block type StampZone"/><OtherTag ID="BT5019" LABEL="RunningTitleZone" DESCRIPTION="block type RunningTitleZone"/><OtherTag ID="BT5018" LABEL="QuireMarksZone" DESCRIPTION="block type QuireMarksZone"/><OtherTag ID="BT5017" LABEL="NumberingZone" DESCRIPTION="block type NumberingZone"/><OtherTag ID="BT5016" LABEL="MarginTextZone" DESCRIPTION="block type MarginTextZone"/><OtherTag ID="BT5015" LABEL="MainZone#2" DESCRIPTION="block type MainZone#2"/><OtherTag ID="BT5014" LABEL="MainZone#1" DESCRIPTION="block type MainZone#1"/><OtherTag ID="BT5013" LABEL="DropCapitalZone" DESCRIPTION="block type DropCapitalZone"/><OtherTag ID="BT5012" LABEL="DigitizationArtefactZone" DESCRIPTION="block type DigitizationArtefactZone"/><OtherTag ID="BT5011" LABEL="DecorationZone" DESCRIPTION="block type DecorationZone"/><OtherTag ID="BT5010" LABEL="DamageZone" DESCRIPTION="block type DamageZone"/>
    <OtherTag ID="LT2497" LABEL="default" DESCRIPTION="line type default"/><OtherTag ID="LT3" LABEL="Correction" DESCRIPTION="line type Correction"/><OtherTag ID="LT2" LABEL="Numbering" DESCRIPTION="line type Numbering"/><OtherTag ID="LT1" LABEL="Main" DESCRIPTION="line type Main"/><OtherTag ID="LT1606" LABEL="InterlinearLine" DESCRIPTION="line type InterlinearLine"/><OtherTag ID="LT1605" LABEL="HeadingLine" DESCRIPTION="line type HeadingLine"/><OtherTag ID="LT1604" LABEL="DropCapitalLine" DESCRIPTION="line type DropCapitalLine"/><OtherTag ID="LT1603" LABEL="DefaultLine" DESCRIPTION="line type DefaultLine"/>
  </Tags>
  
  <Layout>
    <Page WIDTH="8006"
          HEIGHT="5466"
          PHYSICAL_IMG_NR="32"
          ID="eSc_dummypage_">
      <PrintSpace HPOS="0"
                  VPOS="0"
                  WIDTH="8006"
                  HEIGHT="5466">
        
        <TextBlock HPOS="1379"
                   VPOS="632"
                   WIDTH="1306"
                   HEIGHT="3588"
                   ID="eSc_textblock_c353bfb3"
                   TAGREFS="BT5014">
          <Shape><Polygon POINTS="1379 667 1409 4205 2653 4220 2656 3618 2604 3501 2594 3245 2685 3163 2617 2856 2564 2731 2565 2368 2577 2200 2668 2042 2631 1964 2580 1849 2535 1059 2412 632"/></Shape>
          
          
          <TextLine ID="eSc_line_9c0c0a80"
                    
                    BASELINE="1510 737 1801 731 2384 686" 
                    HPOS="1499"
                    VPOS="610"
                    WIDTH="884"
                    HEIGHT="168">
            <Shape><Polygon POINTS="1508 733 1508 778 2383 719 2383 683 2374 619 2105 610 2100 610 2096 610 2059 628 2023 651 1859 655 1831 637 1827 633 1822 633 1818 633 1813 633 1808 633 1786 637 1681 669 1635 642 1631 642 1626 642 1622 642 1499 646 1508 733"/></Shape>
	    <String CONTENT="e t ion ferai chou que iai enpense"
                    HPOS="1499"
                    VPOS="610"
                    WIDTH="884"
                    HEIGHT="168"></String>
          </TextLine>

          
          
          <TextLine ID="eSc_line_34fb03b1"
                    
                    BASELINE="1491 801 1883 798 2230 766" 
                    HPOS="1485"
                    VPOS="706"
                    WIDTH="743"
                    HEIGHT="127">
            <Shape><Polygon POINTS="2032 715 1986 715 1941 719 1895 724 1849 728 1804 728 1758 733 1713 733 1667 733 1622 733 1576 733 1531 733 1526 728 1485 728 1490 797 1490 833 2228 806 2228 765 2214 706 2068 710 2032 715"/></Shape>
	    <String CONTENT="a dont sesont a[$]dedo . uo"
                    HPOS="1485"
                    VPOS="706"
                    WIDTH="743"
                    HEIGHT="127"></String>
          </TextLine>

          
          
          <TextLine ID="eSc_line_8aac9425"
                    
                    BASELINE="1482 883 2420 834" 
                    HPOS="1471"
                    VPOS="756"
                    WIDTH="948"
                    HEIGHT="168">
            <Shape><Polygon POINTS="2246 765 2200 769 2155 774 2114 778 2068 778 2023 783 1977 788 1932 792 1886 797 1840 801 1795 801 1749 801 1704 801 1658 801 1613 801 1567 801 1549 801 1471 801 1480 879 1480 924 2415 879 2419 833 2405 756 2255 760 2246 765"/></Shape>
	    <String CONTENT="e t aube[$$$$] test [mienmin [cate]"
                    HPOS="1471"
                    VPOS="756"
                    WIDTH="948"
                    HEIGHT="168"></String>
          </TextLine>

          
          
          <TextLine ID="eSc_line_558405bf"
                    
                    BASELINE="1471 963 2406 907" 
                    HPOS="1458"
                    VPOS="838"
                    WIDTH="947"
                    HEIGHT="154">
            <Shape><Polygon POINTS="2187 847 2182 847 2105 847 2096 851 2077 851 2027 851 2004 856 1973 856 1945 856 1913 860 1868 860 1863 860 1822 865 1777 865 1731 870 1685 870 1640 874 1594 874 1549 879 1503 879 1499 874 1458 874 1467 961 1467 992 2405 947 2405 906 2392 838 2187 842 2187 847"/></Shape>
	    <String CONTENT="e t haes rest li palais demoures"
                    HPOS="1458"
                    VPOS="838"
                    WIDTH="947"
                    HEIGHT="154"></String>
          </TextLine>

          
          
          <TextLine ID="eSc_line_361ee107"
                    
                    BASELINE="1648 1023 2396 992 2446 985" 
                    HPOS="1640"
                    VPOS="906"
                    WIDTH="802"
                    HEIGHT="141">
            <Shape><Polygon POINTS="2369 911 2323 915 2278 915 2232 920 2187 920 2178 920 2141 924 2109 924 2073 924 2050 929 2004 933 1959 933 1913 938 1872 938 1859 938 1822 942 1777 947 1731 947 1685 951 1640 951 1644 1020 1644 1047 2437 1015 2442 983 2428 906 2369 906 2369 911"/></Shape>
	    <String CONTENT="ois auberons dehuon departi"
                    HPOS="1640"
                    VPOS="906"
                    WIDTH="802"
                    HEIGHT="141"></String>
          </TextLine>

          
          
          <TextLine ID="eSc_line_e5c7aca2"
                    TAGREFS="LT1604"
                    BASELINE="1462 1110 1641 1104" 
                    HPOS="1439"
                    VPOS="958"
                    WIDTH="201"
                    HEIGHT="194">
            <Shape><Polygon POINTS="1447 967 1458 1106 1439 1127 1492 1129 1522 1119 1553 1136 1585 1152 1594 1143 1640 1143 1640 1102 1635 959 1596 958"/></Shape>
	    <String CONTENT="R"
                    HPOS="1439"
                    VPOS="958"
                    WIDTH="201"
                    HEIGHT="194"></String>
          </TextLine>

          
          
          <TextLine ID="eSc_line_a1416885"
                    
                    BASELINE="1469 1156 1506 1156 1588 1156 2286 1135 2366 1128" 
                    HPOS="1462"
                    VPOS="1065"
                    WIDTH="902"
                    HEIGHT="132">
            <Shape><Polygon POINTS="2146 1070 2100 1074 2055 1074 2009 1079 1963 1084 1918 1084 1872 1088 1827 1088 1781 1093 1736 1097 1690 1097 1676 1074 1613 1074 1599 1106 1553 1106 1508 1106 1462 1106 1467 1152 1467 1197 2364 1166 2364 1125 2351 1065 2214 1065 2191 1070"/></Shape>
	    <String CONTENT="e nlachite est temes huelins"
                    HPOS="1462"
                    VPOS="1065"
                    WIDTH="902"
                    HEIGHT="132"></String>
          </TextLine>

          
          
          <TextLine ID="eSc_line_70bca77d"
                    
                    BASELINE="1674 1099 2502 1050" 
                    HPOS="1663"
                    VPOS="983"
                    WIDTH="838"
                    HEIGHT="137">
            <Shape><Polygon POINTS="2346 992 2301 992 2296 992 2255 997 2209 997 2027 1002 2027 1006 2023 1006 1663 1020 1672 1097 1672 1120 2501 1079 2501 1047 2487 983 2387 988 2346 992"/></Shape>
	    <String CONTENT="il senreuait ariere ensonpais"
                    HPOS="1663"
                    VPOS="983"
                    WIDTH="838"
                    HEIGHT="137"></String>
          </TextLine>

          
          
          <TextLine ID="eSc_line_8823511f"
                    
                    BASELINE="1463 1241 2065 1223 2466 1197" 
                    HPOS="1453"
                    VPOS="1129"
                    WIDTH="1012"
                    HEIGHT="146">
            <Shape><Polygon POINTS="2278 1138 2232 1138 2200 1138 2105 1138 2096 1143 2073 1143 1453 1161 1462 1238 1462 1275 2465 1229 2465 1193 2451 1129 2291 1134 2278 1138"/></Shape>
	    <String CONTENT="l es. sar̾rs. a tous fais con uercir"
                    HPOS="1453"
                    VPOS="1129"
                    WIDTH="1012"
                    HEIGHT="146"></String>
          </TextLine>

          
          
          <TextLine ID="eSc_line_5f5d36c6"
                    
                    BASELINE="1454 1311 2208 1296 2511 1272" 
                    HPOS="1451"
                    VPOS="1214"
                    WIDTH="1060"
                    HEIGHT="131">
            <Shape><Polygon POINTS="1454 1311 1454 1345 2511 1305 2511 1272 2502 1214 1451 1254 1454 1311"/></Shape>
	    <String CONTENT="t oute lat̾re que oedes sient tenir"
                    HPOS="1451"
                    VPOS="1214"
                    WIDTH="1060"
                    HEIGHT="131"></String>
          </TextLine>

          
          
          <TextLine ID="eSc_line_c38d6c00"
                    
                    BASELINE="1454 1381 1515 1375 1545 1378 2375 1357 2463 1343" 
                    HPOS="1449"
                    VPOS="1279"
                    WIDTH="1011"
                    HEIGHT="133">
            <Shape><Polygon POINTS="2360 1284 2314 1289 2269 1289 2223 1293 2178 1298 2132 1298 2086 1298 2041 1298 1995 1298 1950 1302 1904 1302 1859 1302 1813 1302 1767 1302 1722 1302 1717 1302 1676 1307 1631 1307 1585 1307 1581 1307 1449 1307 1453 1380 1453 1412 2460 1384 2460 1339 2442 1279 2387 1279 2360 1284"/></Shape>
	    <String CONTENT="d on na son oste ⁊ ioifroi autressi"
                    HPOS="1449"
                    VPOS="1279"
                    WIDTH="1011"
                    HEIGHT="133"></String>
          </TextLine>

          
          
          <TextLine ID="eSc_line_0fa80033"
                    
                    BASELINE="1463 1457 2463 1420" 
                    HPOS="1458"
                    VPOS="1352"
                    WIDTH="1002"
                    HEIGHT="142">
            <Shape><Polygon POINTS="2369 1357 2323 1357 2319 1357 1458 1384 1462 1453 1462 1494 2460 1457 2460 1416 2446 1352 2378 1352 2369 1357"/></Shape>
	    <String CONTENT="e t siles fist tous signours du pais"
                    HPOS="1458"
                    VPOS="1352"
                    WIDTH="1002"
                    HEIGHT="142"></String>
          </TextLine>

          
          
          <TextLine ID="eSc_line_2b2258ae"
                    
                    BASELINE="1460 1530 2552 1497" 
                    HPOS="1453"
                    VPOS="1425"
                    WIDTH="1098"
                    HEIGHT="151">
            <Shape><Polygon POINTS="1458 1525 1458 1576 2551 1544 2551 1494 2538 1425 1453 1457 1458 1525"/></Shape>
	    <String CONTENT="p uis fait son oire aprester limescins"
                    HPOS="1453"
                    VPOS="1425"
                    WIDTH="1098"
                    HEIGHT="151"></String>
          </TextLine>

          
          
          <TextLine ID="eSc_line_f03926bd"
                    
                    BASELINE="1466 1615 1766 1616 1983 1612 2516 1574" 
                    HPOS="1458"
                    VPOS="1498"
                    WIDTH="1057"
                    HEIGHT="169">
            <Shape><Polygon POINTS="1462 1612 1462 1648 1644 1667 1649 1667 1836 1635 1881 1630 1959 1630 2196 1639 2200 1639 2515 1607 2515 1571 2501 1498 1458 1548 1462 1612"/></Shape>
	    <String CONTENT="o r ⁊ argent ont aGrant plente pris"
                    HPOS="1458"
                    VPOS="1498"
                    WIDTH="1057"
                    HEIGHT="169"></String>
          </TextLine>

          
          
          <TextLine ID="eSc_line_c8ad9c6a"
                    
                    BASELINE="1460 1688 2548 1654" 
                    HPOS="1453"
                    VPOS="1594"
                    WIDTH="1094"
                    HEIGHT="141">
            <Shape><Polygon POINTS="2045 1607 2000 1607 1954 1612 1909 1612 1863 1612 1818 1612 1772 1612 1726 1617 1681 1617 1635 1617 1590 1617 1544 1617 1499 1617 1494 1612 1453 1612 1458 1685 1458 1735 2547 1689 2547 1653 2533 1594 2086 1603 2045 1607"/></Shape>
	    <String CONTENT="i l encarcherent dusq̃s a dis . ronchis"
                    HPOS="1453"
                    VPOS="1594"
                    WIDTH="1094"
                    HEIGHT="141"
                    WC="0.980052445179377"></String>
          </TextLine>

          
          
          <TextLine ID="eSc_line_efe87052"
                    
                    BASELINE="1457 1770 2542 1736" 
                    HPOS="1454"
                    VPOS="1679"
                    WIDTH="1088"
                    HEIGHT="118">
            <Shape><Polygon POINTS="1457 1770 1457 1797 2539 1767 2542 1736 2533 1679 1454 1715 1457 1770"/></Shape>
	    <String CONTENT="a dont monterent et st̾ au cemin mis"
                    HPOS="1454"
                    VPOS="1679"
                    WIDTH="1088"
                    HEIGHT="118"></String>
          </TextLine>

          
          
          <TextLine ID="eSc_line_e62cdaf5"
                    
                    BASELINE="1446 1840 2563 1818" 
                    HPOS="1439"
                    VPOS="1744"
                    WIDTH="1121"
                    HEIGHT="137">
            <Shape><Polygon POINTS="2032 1753 1986 1753 1927 1753 1895 1758 1849 1758 1804 1758 1758 1762 1713 1762 1667 1762 1622 1762 1576 1767 1531 1767 1485 1767 1480 1758 1439 1758 1444 1835 1444 1881 2560 1858 2560 1817 2547 1744 2036 1749 2032 1753"/></Shape>
	    <String CONTENT="l e congiet prendent as barons du pais"
                    HPOS="1439"
                    VPOS="1744"
                    WIDTH="1121"
                    HEIGHT="137"></String>
          </TextLine>

          
          
          <TextLine ID="eSc_line_95742f32"
                    
                    BASELINE="1436 1919 2431 1895" 
                    HPOS="1430"
                    VPOS="1826"
                    WIDTH="998"
                    HEIGHT="137">
            <Shape><Polygon POINTS="1435 1917 1435 1963 2424 1935 2428 1894 2415 1826 1430 1840 1435 1917"/></Shape>
	    <String CONTENT="s iles conmandent a dieu deparadis"
                    HPOS="1430"
                    VPOS="1826"
                    WIDTH="998"
                    HEIGHT="137"></String>
          </TextLine>

          
          
          <TextLine ID="eSc_line_2812d8c4"
                    
                    BASELINE="1685 2004 2616 1976" 
                    HPOS="1676"
                    VPOS="1908"
                    WIDTH="939"
                    HEIGHT="123">
            <Shape><Polygon POINTS="1681 1999 1681 2031 2615 2008 2615 1972 2601 1908 1676 1926 1681 1999"/></Shape>
	    <String CONTENT="r sen uait hues qui le cors ot uaillant"
                    HPOS="1676"
                    VPOS="1908"
                    WIDTH="939"
                    HEIGHT="123"></String>
          </TextLine>

          
          
          <TextLine ID="eSc_line_03f553b9"
                    TAGREFS="LT1604"
                    BASELINE="1443 2118 1676 2115" 
                    HPOS="1439"
                    VPOS="1939"
                    WIDTH="247"
                    HEIGHT="206">
            <Shape><Polygon POINTS="1439 2145 1686 2123 1672 2113 1674 1948 1439 1939 1439 2113"/></Shape>
	    <String CONTENT="O"
                    HPOS="1439"
                    VPOS="1939"
                    WIDTH="247"
                    HEIGHT="206"
                    WC="0.99992036819458"></String>
          </TextLine>

          
          
          <TextLine ID="eSc_line_a0adfe69"
                    
                    BASELINE="1703 2083 2560 2074 2655 2067" 
                    HPOS="1695"
                    VPOS="1981"
                    WIDTH="956"
                    HEIGHT="137">
            <Shape><Polygon POINTS="1699 2081 1699 2118 2647 2108 2651 2063 2638 1981 1695 2004 1699 2081"/></Shape>
	    <String CONTENT="droit uers latour conliua deueant"
                    HPOS="1695"
                    VPOS="1981"
                    WIDTH="956"
                    HEIGHT="137"></String>
          </TextLine>

          
          
          <TextLine ID="eSc_line_d8015bed"
                    
                    BASELINE="1430 2174 2541 2150" 
                    HPOS="1421"
                    VPOS="2077"
                    WIDTH="1117"
                    HEIGHT="123">
            <Shape><Polygon POINTS="1603 2122 1558 2122 1512 2118 1467 2118 1462 2108 1421 2108 1426 2172 1426 2200 2538 2190 2538 2149 2524 2077 1667 2104 1649 2122"/></Shape>
	    <String CONTENT="t oute iour oire entrelui ⁊ sagent"
                    HPOS="1421"
                    VPOS="2077"
                    WIDTH="1117"
                    HEIGHT="123"></String>
          </TextLine>

          
          
          <TextLine ID="eSc_line_e7549f31"
                    
                    BASELINE="1463 2259 1521 2253 1567 2256 2241 2247 2421 2236" 
                    HPOS="1458"
                    VPOS="2168"
                    WIDTH="961"
                    HEIGHT="132">
            <Shape><Polygon POINTS="1462 2254 1462 2300 2419 2286 2419 2231 2405 2168 1458 2177 1462 2254"/></Shape>
	    <String CONTENT="ꝑ mi lebos ⁊ les ualees grans"
                    HPOS="1458"
                    VPOS="2168"
                    WIDTH="961"
                    HEIGHT="132"></String>
          </TextLine>

          
          
          <TextLine ID="eSc_line_3d4995f3"
                    
                    BASELINE="1457 2335 1509 2329 1576 2332 2557 2320" 
                    HPOS="1449"
                    VPOS="2245"
                    WIDTH="1107"
                    HEIGHT="132">
            <Shape><Polygon POINTS="1453 2332 1453 2377 2551 2350 2556 2318 2542 2245 1449 2263 1453 2332"/></Shape>
	    <String CONTENT="t ant uont lipͥnce cui ihũs soit aidans"
                    HPOS="1449"
                    VPOS="2245"
                    WIDTH="1107"
                    HEIGHT="132"></String>
          </TextLine>

          
          
          <TextLine ID="eSc_line_9444a392"
                    
                    BASELINE="1457 2414 1527 2408 1576 2414 2538 2399" 
                    HPOS="1449"
                    VPOS="2327"
                    WIDTH="1084"
                    HEIGHT="128">
            <Shape><Polygon POINTS="1453 2409 1453 2455 2533 2432 2533 2395 2519 2327 1449 2345 1453 2409"/></Shape>
	    <String CONTENT="qͤ lauespree les uamout encauchant"
                    HPOS="1449"
                    VPOS="2327"
                    WIDTH="1084"
                    HEIGHT="128"></String>
          </TextLine>

          
          
          <TextLine ID="eSc_line_3e511240"
                    
                    BASELINE="1457 2499 1530 2496 1576 2502 2463 2476" 
                    HPOS="1449"
                    VPOS="2414"
                    WIDTH="1011"
                    HEIGHT="118">
            <Shape><Polygon POINTS="1453 2496 1453 2532 2460 2514 2460 2473 2446 2414 1449 2427 1453 2496"/></Shape>
	    <String CONTENT="e n mi un pre la seuont arestant"
                    HPOS="1449"
                    VPOS="2414"
                    WIDTH="1011"
                    HEIGHT="118"></String>
          </TextLine>

          
          
          <TextLine ID="eSc_line_e4486f7b"
                    
                    BASELINE="1466 2581 1509 2572 1585 2578 2547 2553" 
                    HPOS="1458"
                    VPOS="2477"
                    WIDTH="1084"
                    HEIGHT="146">
            <Shape><Polygon POINTS="1462 2578 1462 2623 2542 2587 2542 2550 2528 2477 1458 2514 1462 2578"/></Shape>
	    <String CONTENT="d roit encepre ou il uont demourãt"
                    HPOS="1458"
                    VPOS="2477"
                    WIDTH="1084"
                    HEIGHT="146"></String>
          </TextLine>

          
          
          <TextLine ID="eSc_line_7662538e"
                    
                    BASELINE="1473 2660 2528 2638" 
                    HPOS="1467"
                    VPOS="2573"
                    WIDTH="1057"
                    HEIGHT="119">
            <Shape><Polygon POINTS="1471 2655 1471 2692 2524 2669 2524 2637 2510 2573 1467 2582 1471 2655"/></Shape>
	    <String CONTENT="e stoit uenue de sauuechine tant"
                    HPOS="1467"
                    VPOS="2573"
                    WIDTH="1057"
                    HEIGHT="119"></String>
          </TextLine>

          
          
          <TextLine ID="eSc_line_49a66be6"
                    
                    BASELINE="1468 2742 2521 2723" 
                    HPOS="1462"
                    VPOS="2655"
                    WIDTH="1057"
                    HEIGHT="114">
            <Shape><Polygon POINTS="1467 2737 1467 2769 2519 2751 2519 2719 2506 2655 1462 2655 1467 2737"/></Shape>
	    <String CONTENT="i lluec sarestent no chlr̾ uaillant"
                    HPOS="1462"
                    VPOS="2655"
                    WIDTH="1057"
                    HEIGHT="114"></String>
          </TextLine>

          
          
          <TextLine ID="eSc_line_c032d356"
                    
                    BASELINE="1482 2814 2554 2802" 
                    HPOS="1476"
                    VPOS="2728"
                    WIDTH="1075"
                    HEIGHT="127">
            <Shape><Polygon POINTS="1480 2810 1480 2855 2547 2842 2551 2801 2538 2728 1476 2742 1480 2810"/></Shape>
	    <String CONTENT="t  restoute quit ifurent coi est ant"
                    HPOS="1476"
                    VPOS="2728"
                    WIDTH="1075"
                    HEIGHT="127"></String>
          </TextLine>

          
          
          <TextLine ID="eSc_line_b4c17097"
                    
                    BASELINE="1469 2893 2507 2881" 
                    HPOS="1462"
                    VPOS="2819"
                    WIDTH="1044"
                    HEIGHT="109">
            <Shape><Polygon POINTS="1467 2892 1467 2928 2501 2915 2506 2878 2492 2819 1462 2828 1467 2892"/></Shape>
	    <String CONTENT="e t liceual uont delerbe paissant"
                    HPOS="1462"
                    VPOS="2819"
                    WIDTH="1044"
                    HEIGHT="109"></String>
          </TextLine>

          
          
          <TextLine ID="eSc_line_aac796df"
                    
                    BASELINE="1473 2975 2590 2964" 
                    HPOS="1467"
                    VPOS="2901"
                    WIDTH="1121"
                    HEIGHT="109">
            <Shape><Polygon POINTS="1471 2974 1471 3010 2583 2997 2588 2960 2574 2901 1467 2906 1471 2974"/></Shape>
	    <String CONTENT="e t quant ceuint alaube aparissant"
                    HPOS="1467"
                    VPOS="2901"
                    WIDTH="1121"
                    HEIGHT="109"></String>
          </TextLine>

          
          
          <TextLine ID="eSc_line_81296f6b"
                    
                    BASELINE="1462 3061 1741 3045 1825 3054 2615 3038" 
                    HPOS="1453"
                    VPOS="2956"
                    WIDTH="1157"
                    HEIGHT="132">
            <Shape><Polygon POINTS="2547 2965 2501 2965 2456 2965 2410 2965 2364 2965 2319 2965 2273 2965 2228 2965 2182 2969 2137 2969 2091 2969 2045 2969 2018 2969 1453 2978 1458 3060 1458 3088 2606 3074 2610 3033 2597 2956 2547 2956 2547 2965"/></Shape>
	    <String CONTENT="e rrant monterent nese uont delaiant"
                    HPOS="1453"
                    VPOS="2956"
                    WIDTH="1157"
                    HEIGHT="132"></String>
          </TextLine>

          
          
          <TextLine ID="eSc_line_4d68f05e"
                    
                    BASELINE="1479 3130 2642 3113" 
                    HPOS="1471"
                    VPOS="3051"
                    WIDTH="1167"
                    HEIGHT="114">
            <Shape><Polygon POINTS="1517 3060 1471 3060 1476 3129 1476 3165 2633 3147 2638 3111 2624 3051 1517 3056 1517 3060"/></Shape>
	    <String CONTENT="d roit uers lamer sen uont aceminant"
                    HPOS="1471"
                    VPOS="3051"
                    WIDTH="1167"
                    HEIGHT="114"></String>
          </TextLine>

          
          
          <TextLine ID="eSc_line_c89b2e92"
                    
                    BASELINE="1469 3215 2642 3198" 
                    HPOS="1462"
                    VPOS="3124"
                    WIDTH="1176"
                    HEIGHT="123">
            <Shape><Polygon POINTS="1467 3211 1467 3247 2638 3243 2638 3197 2624 3124 1462 3147 1467 3211"/></Shape>
	    <String CONTENT="t ant ont ale queil uont aprochant"
                    HPOS="1462"
                    VPOS="3124"
                    WIDTH="1176"
                    HEIGHT="123"></String>
          </TextLine>

          
          
          <TextLine ID="eSc_line_8cb983db"
                    
                    BASELINE="1479 3300 2489 3288" 
                    HPOS="1471"
                    VPOS="3220"
                    WIDTH="1016"
                    HEIGHT="114">
            <Shape><Polygon POINTS="1476 3297 1476 3334 2483 3334 2487 3284 2478 3220 1471 3220 1476 3297"/></Shape>
	    <String CONTENT="u ne liuee de la tour augaiant"
                    HPOS="1471"
                    VPOS="3220"
                    WIDTH="1016"
                    HEIGHT="114"></String>
          </TextLine>

          
          
          <TextLine ID="eSc_line_75e941db"
                    
                    BASELINE="1479 3367 2489 3367" 
                    HPOS="1476"
                    VPOS="3297"
                    WIDTH="1011"
                    HEIGHT="110">
            <Shape><Polygon POINTS="1476 3366 1476 3402 2483 3407 2487 3366 2487 3302 1476 3297 1476 3366"/></Shape>
	    <String CONTENT="qͤ libons rois li ala des fendant"
                    HPOS="1476"
                    VPOS="3297"
                    WIDTH="1011"
                    HEIGHT="110"></String>
          </TextLine>

          
          
          <TextLine ID="eSc_line_3a8b2855"
                    
                    BASELINE="1467 3462 2586 3447" 
                    HPOS="1458"
                    VPOS="3375"
                    WIDTH="1125"
                    HEIGHT="123">
            <Shape><Polygon POINTS="1462 3461 1462 3498 2579 3489 2583 3443 2574 3375 1458 3375 1462 3461"/></Shape>
	    <String CONTENT="li solaus lieue li iour ua esclairant"
                    HPOS="1458"
                    VPOS="3375"
                    WIDTH="1125"
                    HEIGHT="123"></String>
          </TextLine>

          
          
          <TextLine ID="eSc_line_24cabdd8"
                    
                    BASELINE="1464 3541 2586 3523" 
                    HPOS="1458"
                    VPOS="3452"
                    WIDTH="1125"
                    HEIGHT="114">
            <Shape><Polygon POINTS="1462 3539 1462 3566 2583 3557 2583 3521 2569 3452 1458 3475 1462 3539"/></Shape>
	    <String CONTENT="n alerent mie deterre longemant"
                    HPOS="1458"
                    VPOS="3452"
                    WIDTH="1125"
                    HEIGHT="114"></String>
          </TextLine>

          
          
          <TextLine ID="eSc_line_10c139fb"
                    
                    BASELINE="1473 3607 2654 3601" 
                    HPOS="1467"
                    VPOS="3534"
                    WIDTH="1184"
                    HEIGHT="119">
            <Shape><Polygon POINTS="1968 3534 1922 3534 1877 3534 1831 3534 1786 3534 1740 3534 1695 3539 1649 3539 1603 3539 1558 3539 1512 3539 1467 3539 1471 3603 1471 3648 2642 3653 2651 3598 2642 3534 2014 3534 1968 3534"/></Shape>
	    <String CONTENT="q ant hues ua de uant lui esg ardant"
                    HPOS="1467"
                    VPOS="3534"
                    WIDTH="1184"
                    HEIGHT="119"></String>
          </TextLine>

          
          
          <TextLine ID="eSc_line_a6f387a1"
                    
                    BASELINE="1476 3686 2541 3692" 
                    HPOS="1467"
                    VPOS="3607"
                    WIDTH="1071"
                    HEIGHT="114">
            <Shape><Polygon POINTS="1471 3684 1467 3716 2528 3721 2538 3689 2533 3625 1471 3607 1471 3684"/></Shape>
	    <String CONTENT="l e grant tour ou estoit li gai ans"
                    HPOS="1467"
                    VPOS="3607"
                    WIDTH="1071"
                    HEIGHT="114"></String>
          </TextLine>

          
          
          <TextLine ID="eSc_line_beaa0f6d"
                    
                    BASELINE="1452 3774 2622 3776" 
                    HPOS="1449"
                    VPOS="3707"
                    WIDTH="1171"
                    HEIGHT="123">
            <Shape><Polygon POINTS="1449 3771 1449 3830 2620 3807 2620 3771 2620 3712 1449 3707 1449 3771"/></Shape>
	    <String CONTENT="o u uoit ses hõmes siles ua apelant"
                    HPOS="1449"
                    VPOS="3707"
                    WIDTH="1171"
                    HEIGHT="123"></String>
          </TextLine>

          
          
          <TextLine ID="eSc_line_7b3c839e"
                    
                    BASELINE="1476 3871 2632 3862" 
                    HPOS="1467"
                    VPOS="3794"
                    WIDTH="1162"
                    HEIGHT="118">
            <Shape><Polygon POINTS="1471 3867 1471 3908 2620 3912 2629 3858 2615 3794 1467 3794 1471 3867"/></Shape>
	    <String CONTENT="s ignour distil pour dieu om̃ipotant"
                    HPOS="1467"
                    VPOS="3794"
                    WIDTH="1162"
                    HEIGHT="118"></String>
          </TextLine>

          
          
          <TextLine ID="eSc_line_950bb957"
                    
                    BASELINE="1470 3947 2554 3950" 
                    HPOS="1462"
                    VPOS="3871"
                    WIDTH="1089"
                    HEIGHT="119">
            <Shape><Polygon POINTS="1467 3944 1462 3990 2547 3990 2551 3949 2547 3885 1467 3871 1467 3944"/></Shape>
	    <String CONTENT="m ont par eusmes itres fol essiant"
                    HPOS="1462"
                    VPOS="3871"
                    WIDTH="1089"
                    HEIGHT="119"></String>
          </TextLine>

          
          
          <TextLine ID="eSc_line_9485e3d3"
                    
                    BASELINE="1482 4017 2638 4023" 
                    HPOS="1476"
                    VPOS="3953"
                    WIDTH="1157"
                    HEIGHT="105">
            <Shape><Polygon POINTS="1480 4012 1476 4049 2624 4058 2633 4022 2633 3958 1480 3953 1480 4012"/></Shape>
	    <String CONTENT="q nͣt nous geusmes en cel pre u̾doiant"
                    HPOS="1476"
                    VPOS="3953"
                    WIDTH="1157"
                    HEIGHT="105"></String>
          </TextLine>

          
          
          <TextLine ID="eSc_line_67e46524"
                    
                    BASELINE="1488 4096 2638 4105" 
                    HPOS="1480"
                    VPOS="4035"
                    WIDTH="1153"
                    HEIGHT="105">
            <Shape><Polygon POINTS="1485 4094 1480 4131 2624 4140 2633 4104 2629 4040 1485 4035 1485 4094"/></Shape>
	    <String CONTENT="c ar iou uoi la une tour hante ⁊ Grant"
                    HPOS="1480"
                    VPOS="4035"
                    WIDTH="1153"
                    HEIGHT="105"></String>
          </TextLine>

          
          
          <TextLine ID="eSc_line_0e91f468"
                    
                    BASELINE="1474 4172 2654 4179" 
                    HPOS="1467"
                    VPOS="4099"
                    WIDTH="1184"
                    HEIGHT="187">
            <Shape><Polygon POINTS="1471 4167 1467 4281 1690 4286 1695 4286 1699 4286 1704 4286 1726 4272 1754 4254 1790 4268 1836 4286 1840 4286 1845 4286 1849 4286 1854 4286 1877 4263 1895 4249 1913 4263 1941 4281 1945 4281 1950 4281 1954 4281 1959 4281 2000 4258 2059 4227 2159 4249 2232 4268 2237 4268 2241 4268 2328 4245 2360 4236 2401 4240 2501 4254 2506 4254 2647 4227 2651 4176 2651 4108 1471 4099 1471 4167"/></Shape>
	    <String CONTENT="u nous fussiemez mout bñ uenut atans"
                    HPOS="1467"
                    VPOS="4099"
                    WIDTH="1184"
                    HEIGHT="187"></String>
          </TextLine>

          
        </TextBlock>
        
        <TextBlock HPOS="2546"
                   VPOS="474"
                   WIDTH="1491"
                   HEIGHT="3781"
                   ID="eSc_textblock_3b2117b5"
                   TAGREFS="BT5015">
          <Shape><Polygon POINTS="2546 615 2705 1959 2775 4238 3889 4255 3996 3430 4037 2843 4037 2841 3935 2159 3912 1898 3835 1264 3644 1005 3566 751 3482 474"/></Shape>
          
          
          <TextLine ID="eSc_line_503c1050"
                    
                    BASELINE="2571 668 2867 643 3198 580 3485 557" 
                    HPOS="2556"
                    VPOS="473"
                    WIDTH="925"
                    HEIGHT="233">
            <Shape><Polygon POINTS="2569 665 2574 706 3481 578 3481 555 3472 491 3367 473 3362 473 2556 587 2569 665"/></Shape>
	    <String CONTENT="li uius Geria[$$$$$] uait latour esgardant"
                    HPOS="2556"
                    VPOS="473"
                    WIDTH="925"
                    HEIGHT="233"></String>
          </TextLine>

          
          
          <TextLine ID="eSc_line_ebaaa03d"
                    
                    BASELINE="2596 741 2842 716 2946 677 3391 620" 
                    HPOS="2583"
                    VPOS="564"
                    WIDTH="807"
                    HEIGHT="210">
            <Shape><Polygon POINTS="3344 569 3299 573 3280 573 3089 601 3075 605 3057 605 3002 614 2984 619 2939 628 2898 637 2852 646 2806 646 2765 646 2583 674 2592 737 2597 774 3390 651 3390 619 3376 564 3344 569"/></Shape>
	    <String CONTENT="t el paour a li cors liua tramblant"
                    HPOS="2583"
                    VPOS="564"
                    WIDTH="807"
                    HEIGHT="210"></String>
          </TextLine>

          
          
          <TextLine ID="eSc_line_d49079e9"
                    
                    BASELINE="2903 753 3428 689" 
                    HPOS="2891"
                    VPOS="634"
                    WIDTH="537"
                    HEIGHT="152">
            <Shape><Polygon POINTS="3377 637 3371 634 2891 686 2903 753 2906 786 3428 713 3428 689 3416 646 3410 646"/></Shape>
	    <String CONTENT="⁊ biaus peres tous poissant"
                    HPOS="2891"
                    VPOS="634"
                    WIDTH="537"
                    HEIGHT="152"></String>
          </TextLine>

          
          
          <TextLine ID="eSc_line_2c230fdc"
                    
                    BASELINE="2614 829 3009 798" 
                    HPOS="2601"
                    VPOS="706"
                    WIDTH="406"
                    HEIGHT="154">
            <Shape><Polygon POINTS="2925 751 2916 710 2898 706 2893 706 2888 706 2825 715 2829 719 2784 724 2779 724 2601 751 2610 824 2610 860 3007 829 3007 797 3002 742 2966 747"/></Shape>
	    <String CONTENT="e dieus [$$]"
                    HPOS="2601"
                    VPOS="706"
                    WIDTH="406"
                    HEIGHT="154"></String>
          </TextLine>

          
          
          <TextLine ID="eSc_line_f58bfdd4"
                    
                    BASELINE="3082 789 3482 758" 
                    HPOS="3075"
                    VPOS="678"
                    WIDTH="406"
                    HEIGHT="146">
            <Shape><Polygon POINTS="3344 701 3299 706 3253 710 3207 715 3162 719 3116 728 3075 733 3080 788 3080 824 3481 788 3481 756 3467 678 3390 683 3390 692"/></Shape>
	    <String CONTENT="eroes [$$$$ $$$$$$$$$]"
                    HPOS="3075"
                    VPOS="678"
                    WIDTH="406"
                    HEIGHT="146"></String>
          </TextLine>

          
          
          <TextLine ID="eSc_line_e803a31d"
                    
                    BASELINE="2632 896 2921 871" 
                    HPOS="2620"
                    VPOS="806"
                    WIDTH="300"
                    HEIGHT="118">
            <Shape><Polygon POINTS="2847 810 2802 815 2779 815 2620 829 2629 892 2629 924 2920 892 2920 870 2907 806 2893 806"/></Shape>
	    <String CONTENT="h ui en"
                    HPOS="2620"
                    VPOS="806"
                    WIDTH="300"
                    HEIGHT="118"></String>
          </TextLine>

          
          
          <TextLine ID="eSc_line_8c7255b5"
                    
                    BASELINE="3122 845 3495 826" 
                    HPOS="3116"
                    VPOS="756"
                    WIDTH="379"
                    HEIGHT="150">
            <Shape><Polygon POINTS="3390 765 3344 769 3299 774 3253 774 3207 778 3162 783 3116 788 3121 842 3121 906 3308 870 3495 851 3494 824 3481 756 3435 760"/></Shape>
	    <String CONTENT="etons li uaillans"
                    HPOS="3116"
                    VPOS="756"
                    WIDTH="379"
                    HEIGHT="150"></String>
          </TextLine>

          
          
          <TextLine ID="eSc_line_299fd3c4"
                    
                    BASELINE="3304 899 3418 890" 
                    HPOS="3299"
                    VPOS="838"
                    WIDTH="118"
                    HEIGHT="100">
            <Shape><Polygon POINTS="3340 838 3299 879 3303 897 3303 938 3417 920 3417 888 3408 838 3390 838"/></Shape>
	    <String CONTENT="ment"
                    HPOS="3299"
                    VPOS="838"
                    WIDTH="118"
                    HEIGHT="100"
                    WC="0.998619705438614"></String>
          </TextLine>

          
          
          <TextLine ID="eSc_line_d748e0be"
                    
                    BASELINE="2641 981 3119 941" 
                    HPOS="2629"
                    VPOS="851"
                    WIDTH="487"
                    HEIGHT="169">
            <Shape><Polygon POINTS="2857 879 2811 879 2779 879 2629 906 2638 979 2638 1020 3116 983 3116 938 3107 860 2952 851 2948 851 2907 856 2902 874"/></Shape>
	    <String CONTENT="i ou uoi la [$$$]"
                    HPOS="2629"
                    VPOS="851"
                    WIDTH="487"
                    HEIGHT="169"></String>
          </TextLine>

          
          
          <TextLine ID="eSc_line_733ffe2c"
                    
                    BASELINE="3352 960 3444 946" 
                    HPOS="3340"
                    VPOS="883"
                    WIDTH="100"
                    HEIGHT="109">
            <Shape><Polygon POINTS="3371 892 3340 897 3349 956 3353 992 3440 988 3440 942 3422 883 3385 888 3385 892"/></Shape>
	    <String CONTENT="ent"
                    HPOS="3340"
                    VPOS="883"
                    WIDTH="100"
                    HEIGHT="109"></String>
          </TextLine>

          
          
          <TextLine ID="eSc_line_14c0f9cb"
                    
                    BASELINE="2653 1051 3088 1011" 
                    HPOS="2642"
                    VPOS="947"
                    WIDTH="442"
                    HEIGHT="141">
            <Shape><Polygon POINTS="3002 951 2893 956 2870 961 2825 965 2779 970 2733 974 2688 979 2642 979 2651 1047 2651 1088 3084 1043 3084 1006 3075 947 3011 947 3007 951"/></Shape>
	    <String CONTENT="n ous des fend"
                    HPOS="2642"
                    VPOS="947"
                    WIDTH="442"
                    HEIGHT="141"></String>
          </TextLine>

          
          
          <TextLine ID="eSc_line_027374a0"
                    
                    BASELINE="3392 1003 3464 993" 
                    HPOS="3385"
                    VPOS="942"
                    WIDTH="87"
                    HEIGHT="173">
            <Shape><Polygon POINTS="3390 1002 3403 1115 3472 1102 3463 992 3453 942 3417 942 3385 992"/></Shape>
	    <String CONTENT="nt"
                    HPOS="3385"
                    VPOS="942"
                    WIDTH="87"
                    HEIGHT="173"></String>
          </TextLine>

          
          
          <TextLine ID="eSc_line_ededdc30"
                    
                    BASELINE="2665 1118 3201 1099" 
                    HPOS="2656"
                    VPOS="997"
                    WIDTH="542"
                    HEIGHT="150">
            <Shape><Polygon POINTS="3021 1015 2656 1052 2661 1115 2661 1147 3198 1134 3198 1097 3185 997 3066 1006 3066 1011"/></Shape>
	    <String CONTENT="o u voit ꝯnon [li]"
                    HPOS="2656"
                    VPOS="997"
                    WIDTH="542"
                    HEIGHT="150"></String>
          </TextLine>

          
          
          <TextLine ID="eSc_line_9c8d04dd"
                    
                    BASELINE="2657 1190 3350 1172" 
                    HPOS="2654"
                    VPOS="1105"
                    WIDTH="696"
                    HEIGHT="112">
            <Shape><Polygon POINTS="2897 1108 2867 1108 2836 1108 2806 1108 2775 1108 2772 1105 2760 1105 2757 1105 2654 1126 2657 1190 2657 1217 3350 1196 3350 1172 3343 1108 2918 1105 2897 1108"/></Shape>
	    <String CONTENT=".h̾. biaus sire bien [$$$$]"
                    HPOS="2654"
                    VPOS="1105"
                    WIDTH="696"
                    HEIGHT="112"></String>
          </TextLine>

          
          
          <TextLine ID="eSc_line_a19b14e8"
                    
                    BASELINE="2652 1273 3398 1241" 
                    HPOS="2647"
                    VPOS="1152"
                    WIDTH="747"
                    HEIGHT="137">
            <Shape><Polygon POINTS="3330 1175 3285 1175 3239 1175 3194 1175 3148 1179 3103 1179 3057 1179 3011 1179 2966 1184 2920 1184 2907 1184 2647 1197 2651 1270 2651 1289 3390 1266 3394 1238 3381 1152 3330 1152 3330 1175"/></Shape>
	    <String CONTENT="f ans est li hom qui c[rop]"
                    HPOS="2647"
                    VPOS="1152"
                    WIDTH="747"
                    HEIGHT="137"></String>
          </TextLine>

          
          
          <TextLine ID="eSc_line_4b84c3a9"
                    
                    BASELINE="2664 1340 3359 1314 3517 1293 3826 1293" 
                    HPOS="2656"
                    VPOS="1225"
                    WIDTH="1167"
                    HEIGHT="146">
            <Shape><Polygon POINTS="3795 1225 3385 1234 3385 1243 3340 1243 3294 1243 3248 1248 3203 1248 3157 1252 3112 1252 3066 1257 3021 1257 2975 1257 2929 1261 2884 1261 2838 1266 2793 1266 2747 1270 2702 1270 2656 1270 2661 1339 2661 1371 3818 1325 3823 1289 3813 1248 3795 1225"/></Shape>
	    <String CONTENT="s ouuent iest a[$]fie pe [$$$$$ $$$$$$]"
                    HPOS="2656"
                    VPOS="1225"
                    WIDTH="1167"
                    HEIGHT="146"></String>
          </TextLine>

          
          
          <TextLine ID="eSc_line_c352ab82"
                    
                    BASELINE="2676 1415 3334 1387 3535 1387 3593 1367" 
                    HPOS="2670"
                    VPOS="1298"
                    WIDTH="920"
                    HEIGHT="145">
            <Shape><Polygon POINTS="3399 1307 3353 1316 3308 1316 3262 1316 3216 1320 3171 1320 3125 1320 3080 1325 3034 1325 2989 1330 2943 1330 2898 1330 2852 1334 2806 1334 2761 1339 2715 1339 2670 1339 2674 1412 2674 1443 3590 1416 3590 1366 3567 1298 3422 1302 3399 1307"/></Shape>
	    <String CONTENT="h ue biaus sire ⁊ que feron[ent]"
                    HPOS="2670"
                    VPOS="1298"
                    WIDTH="920"
                    HEIGHT="145"></String>
          </TextLine>

          
          
          <TextLine ID="eSc_line_57d5015d"
                    
                    BASELINE="3596 1405 3659 1445 3778 1415" 
                    HPOS="3595"
                    VPOS="1348"
                    WIDTH="182"
                    HEIGHT="109">
            <Shape><Polygon POINTS="3595 1443 3768 1457 3777 1412 3754 1348 3604 1352 3595 1402 3595 1443"/></Shape>
	    <String CONTENT="uant"
                    HPOS="3595"
                    VPOS="1348"
                    WIDTH="182"
                    HEIGHT="109"></String>
          </TextLine>

          
          
          <TextLine ID="eSc_line_945c1b8d"
                    
                    BASELINE="2667 1491 3280 1463 3806 1473" 
                    HPOS="2661"
                    VPOS="1393"
                    WIDTH="1143"
                    HEIGHT="128">
            <Shape><Polygon POINTS="3754 1421 3709 1430 3663 1443 3617 1421 3595 1398 3093 1393 3071 1398 3025 1398 2980 1402 2934 1402 2888 1407 2843 1407 2802 1407 2661 1421 2665 1489 2665 1521 3804 1507 3804 1471 3800 1402 3759 1398 3754 1421"/></Shape>
	    <String CONTENT="s i mait dieus a nous ua [$$$$$$$$$]"
                    HPOS="2661"
                    VPOS="1393"
                    WIDTH="1143"
                    HEIGHT="128"></String>
          </TextLine>

          
          
          <TextLine ID="eSc_line_95814b6d"
                    
                    BASELINE="2690 1569 3392 1539 3812 1539" 
                    HPOS="2683"
                    VPOS="1471"
                    WIDTH="1126"
                    HEIGHT="136">
            <Shape><Polygon POINTS="3777 1471 3731 1471 3686 1471 3640 1471 3613 1471 2683 1489 2688 1566 2688 1607 3809 1571 3809 1535 3800 1471 3777 1471"/></Shape>
	    <String CONTENT="c ar ie uous dis sime soit diens li [$$$$$$$]"
                    HPOS="2683"
                    VPOS="1471"
                    WIDTH="1126"
                    HEIGHT="136"></String>
          </TextLine>

          
          
          <TextLine ID="eSc_line_3c257cb1"
                    
                    BASELINE="2696 1642 3480 1603 3874 1609" 
                    HPOS="2688"
                    VPOS="1535"
                    WIDTH="1185"
                    HEIGHT="141">
            <Shape><Polygon POINTS="3827 1539 3782 1539 3745 1539 2688 1576 2692 1639 2692 1676 3873 1626 3873 1607 3864 1535 3827 1539"/></Shape>
	    <String CONTENT="c hou est du nostre que uous males moustrant"
                    HPOS="2688"
                    VPOS="1535"
                    WIDTH="1185"
                    HEIGHT="141"></String>
          </TextLine>

          
          
          <TextLine ID="eSc_line_401b2262"
                    
                    BASELINE="2699 1730 3383 1688 3816 1680" 
                    HPOS="2692"
                    VPOS="1612"
                    WIDTH="1121"
                    HEIGHT="141">
            <Shape><Polygon POINTS="2697 1726 2697 1753 3813 1721 3813 1676 3800 1612 2692 1648 2697 1726"/></Shape>
	    <String CONTENT="l a dedens maint ꝑmonchief li gai ans"
                    HPOS="2692"
                    VPOS="1612"
                    WIDTH="1121"
                    HEIGHT="141"></String>
          </TextLine>

          
          
          <TextLine ID="eSc_line_e07248b3"
                    
                    BASELINE="2700 1812 3789 1759" 
                    HPOS="2692"
                    VPOS="1699"
                    WIDTH="1094"
                    HEIGHT="141">
            <Shape><Polygon POINTS="2697 1808 2697 1840 3786 1794 3786 1758 3772 1699 2692 1744 2697 1808"/></Shape>
	    <String CONTENT="q ue auberons nous ala des fendant"
                    HPOS="2692"
                    VPOS="1699"
                    WIDTH="1094"
                    HEIGHT="141"></String>
          </TextLine>

          
          
          <TextLine ID="eSc_line_e3e620dd"
                    
                    BASELINE="2715 1885 3325 1864 3789 1829" 
                    HPOS="2706"
                    VPOS="1767"
                    WIDTH="1080"
                    HEIGHT="150">
            <Shape><Polygon POINTS="2711 1881 2711 1917 3786 1872 3786 1826 3772 1767 2706 1812 2711 1881"/></Shape>
	    <String CONTENT="q ue celepart nalisiemes cournant"
                    HPOS="2706"
                    VPOS="1767"
                    WIDTH="1080"
                    HEIGHT="150"></String>
          </TextLine>

          
          
          <TextLine ID="eSc_line_63466acb"
                    
                    BASELINE="2700 1974 2827 1970 3789 1900" 
                    HPOS="2688"
                    VPOS="1840"
                    WIDTH="1098"
                    HEIGHT="173">
            <Shape><Polygon POINTS="2697 1972 2697 2013 3786 1944 3786 1899 3777 1840 2688 1899 2697 1972"/></Shape>
	    <String CONTENT="s e trestout cil qui ore sont uiuant"
                    HPOS="2688"
                    VPOS="1840"
                    WIDTH="1098"
                    HEIGHT="173"></String>
          </TextLine>

          
          
          <TextLine ID="eSc_line_b4bfb7ee"
                    
                    BASELINE="2712 2058 3802 1979" 
                    HPOS="2706"
                    VPOS="1922"
                    WIDTH="1096"
                    HEIGHT="164">
            <Shape><Polygon POINTS="2712 2058 2712 2086 3006 2067 3018 2071 3040 2080 3043 2080 3046 2080 3134 2064 3189 2055 3255 2055 3258 2055 3292 2080 3295 2080 3298 2080 3301 2080 3714 2049 3717 2049 3802 2022 3802 1979 3793 1922 3544 1934 3541 1934 3532 1940 3501 1955 3450 1943 3438 1943 3435 1943 3432 1943 3428 1943 3425 1946 3401 1961 3286 1955 3252 1955 3249 1955 3246 1955 3243 1955 3243 1958 3240 1958 3228 1976 3170 1979 3067 1970 3046 1970 3043 1970 3040 1970 3034 1973 2994 1995 2791 2007 2706 1998 2712 2058"/></Shape>
	    <String CONTENT="e t tout li mort fussent resussitant"
                    HPOS="2706"
                    VPOS="1922"
                    WIDTH="1096"
                    HEIGHT="164"></String>
          </TextLine>

          
          
          <TextLine ID="eSc_line_564a6d84"
                    
                    BASELINE="2721 2146 3419 2143 3881 2168" 
                    HPOS="2718"
                    VPOS="2046"
                    WIDTH="1163"
                    HEIGHT="155">
            <Shape><Polygon POINTS="2721 2146 2718 2180 2943 2174 3064 2189 3088 2192 3091 2192 3094 2192 3100 2189 3131 2177 3280 2192 3307 2195 3310 2195 3325 2195 3410 2180 3462 2195 3471 2198 3474 2198 3477 2198 3495 2198 3583 2183 3875 2201 3881 2168 3878 2092 3659 2074 3647 2055 3644 2055 3644 2052 3641 2052 3638 2052 3635 2052 3210 2067 2988 2046 2985 2046 2982 2046 2906 2077 2721 2077 2721 2146"/></Shape>
	    <String CONTENT="e t cil qui sont pat deseure en estant"
                    HPOS="2718"
                    VPOS="2046"
                    WIDTH="1163"
                    HEIGHT="155"></String>
          </TextLine>

          
          
          <TextLine ID="eSc_line_5101d265"
                    
                    BASELINE="2742 2231 3577 2231 3916 2257" 
                    HPOS="2733"
                    VPOS="2154"
                    WIDTH="1181"
                    HEIGHT="132">
            <Shape><Polygon POINTS="2738 2227 2733 2277 3905 2286 3914 2254 3909 2181 2738 2154 2738 2227"/></Shape>
	    <String CONTENT="e t fussent chi par deuant uous p̾sant"
                    HPOS="2733"
                    VPOS="2154"
                    WIDTH="1181"
                    HEIGHT="132"></String>
          </TextLine>

          
          
          <TextLine ID="eSc_line_38f5b280"
                    
                    BASELINE="2733 2310 3538 2310 3792 2319" 
                    HPOS="2724"
                    VPOS="2241"
                    WIDTH="1067"
                    HEIGHT="113">
            <Shape><Polygon POINTS="2729 2309 2724 2345 3782 2354 3791 2318 3786 2250 2729 2241 2729 2309"/></Shape>
	    <String CONTENT="e t li cuiuers eust ses garnemans"
                    HPOS="2724"
                    VPOS="2241"
                    WIDTH="1067"
                    HEIGHT="113"></String>
          </TextLine>

          
          
          <TextLine ID="eSc_line_ae824352"
                    
                    BASELINE="2739 2392 2794 2392 2830 2395 3884 2387" 
                    HPOS="2733"
                    VPOS="2318"
                    WIDTH="1149"
                    HEIGHT="123">
            <Shape><Polygon POINTS="2738 2391 2738 2441 3877 2432 3882 2386 3873 2323 2733 2318 2738 2391"/></Shape>
	    <String CONTENT="n en donroit il lamontance dungant"
                    HPOS="2733"
                    VPOS="2318"
                    WIDTH="1149"
                    HEIGHT="123"></String>
          </TextLine>

          
          
          <TextLine ID="eSc_line_781ca769"
                    
                    BASELINE="2730 2477 3893 2463" 
                    HPOS="2724"
                    VPOS="2400"
                    WIDTH="1167"
                    HEIGHT="123">
            <Shape><Polygon POINTS="2729 2473 2729 2523 3886 2509 3891 2459 3877 2400 2724 2409 2729 2473"/></Shape>
	    <String CONTENT="e gentis hom nestes uous souuenant"
                    HPOS="2724"
                    VPOS="2400"
                    WIDTH="1167"
                    HEIGHT="123"></String>
          </TextLine>

          
          
          <TextLine ID="eSc_line_e4d03b9c"
                    
                    BASELINE="2724 2553 3893 2538" 
                    HPOS="2715"
                    VPOS="2473"
                    WIDTH="1176"
                    HEIGHT="100">
            <Shape><Polygon POINTS="2720 2550 2720 2573 3891 2573 3891 2537 3877 2473 2715 2482 2720 2550"/></Shape>
	    <String CONTENT="q nͣt uous ꝑtites dauberon le uaillant"
                    HPOS="2715"
                    VPOS="2473"
                    WIDTH="1176"
                    HEIGHT="100"></String>
          </TextLine>

          
          
          <TextLine ID="eSc_line_f2157cc3"
                    
                    BASELINE="2751 2638 2785 2638 2839 2635 3413 2614 3955 2619" 
                    HPOS="2743"
                    VPOS="2541"
                    WIDTH="1207"
                    HEIGHT="132">
            <Shape><Polygon POINTS="2747 2637 2747 2673 3950 2655 3950 2614 3941 2541 2743 2555 2747 2637"/></Shape>
	    <String CONTENT="l e bon proudom qui uous ꝑ aimme tant"
                    HPOS="2743"
                    VPOS="2541"
                    WIDTH="1207"
                    HEIGHT="132"></String>
          </TextLine>

          
          
          <TextLine ID="eSc_line_ec86dfc6"
                    
                    BASELINE="2745 2720 3365 2693 3799 2697" 
                    HPOS="2738"
                    VPOS="2623"
                    WIDTH="1057"
                    HEIGHT="137">
            <Shape><Polygon POINTS="2743 2719 2743 2760 3795 2733 3795 2696 3786 2623 2738 2651 2743 2719"/></Shape>
	    <String CONTENT="m out est gentis et de bon essiant"
                    HPOS="2738"
                    VPOS="2623"
                    WIDTH="1057"
                    HEIGHT="137"></String>
          </TextLine>

          
          
          <TextLine ID="eSc_line_9cd6b0e4"
                    
                    BASELINE="2733 2800 2809 2799 2845 2796 3975 2770" 
                    HPOS="2724"
                    VPOS="2701"
                    WIDTH="1249"
                    HEIGHT="141">
            <Shape><Polygon POINTS="2815 2719 2770 2719 2765 2714 2724 2714 2729 2796 2729 2842 3973 2810 3973 2769 3959 2701 2829 2714 2815 2719"/></Shape>
	    <String CONTENT="d effendi uous sot les menbres perdant"
                    HPOS="2724"
                    VPOS="2701"
                    WIDTH="1249"
                    HEIGHT="141"></String>
          </TextLine>

          
          
          <TextLine ID="eSc_line_7a2be4bc"
                    
                    BASELINE="2742 2875 4021 2848" 
                    HPOS="2739"
                    VPOS="2790"
                    WIDTH="1282"
                    HEIGHT="125">
            <Shape><Polygon POINTS="2742 2875 2742 2903 3164 2915 3167 2915 3258 2896 3428 2909 3432 2909 3756 2884 3875 2900 3878 2900 4021 2875 4021 2848 4012 2790 2739 2821 2742 2875"/></Shape>
	    <String CONTENT="q ue uers du nostre nalisies cheuauchant"
                    HPOS="2739"
                    VPOS="2790"
                    WIDTH="1282"
                    HEIGHT="125"></String>
          </TextLine>

          
          
          <TextLine ID="eSc_line_c8867ef7"
                    
                    BASELINE="2736 2963 2742 2963 3857 2923" 
                    HPOS="2729"
                    VPOS="2860"
                    WIDTH="1125"
                    HEIGHT="146">
            <Shape><Polygon POINTS="2733 2960 2733 3006 3854 2965 3854 2919 3841 2860 2729 2878 2733 2960"/></Shape>
	    <String CONTENT="s ire Gerialme ce dist hues li frans"
                    HPOS="2729"
                    VPOS="2860"
                    WIDTH="1125"
                    HEIGHT="146"></String>
          </TextLine>

          
          
          <TextLine ID="eSc_line_e9c785e4"
                    
                    BASELINE="2754 3039 2821 3033 2851 3036 3974 2996" 
                    HPOS="2747"
                    VPOS="2924"
                    WIDTH="1226"
                    HEIGHT="155">
            <Shape><Polygon POINTS="2752 3038 2752 3079 3973 3042 3973 2992 3959 2924 2747 2974 2752 3038"/></Shape>
	    <String CONTENT="p our lamour dieu cales uous demntant"
                    HPOS="2747"
                    VPOS="2924"
                    WIDTH="1226"
                    HEIGHT="155"></String>
          </TextLine>

          
          
          <TextLine ID="eSc_line_6b673903"
                    
                    BASELINE="2751 3115 3258 3109 3817 3073 3974 3073" 
                    HPOS="2743"
                    VPOS="3006"
                    WIDTH="1230"
                    HEIGHT="155">
            <Shape><Polygon POINTS="2747 3111 2747 3161 3973 3129 3973 3070 3964 3006 2743 3042 2747 3111"/></Shape>
	    <String CONTENT="c ar puis celenre de france fui tournans"
                    HPOS="2743"
                    VPOS="3006"
                    WIDTH="1230"
                    HEIGHT="155"></String>
          </TextLine>

          
          
          <TextLine ID="eSc_line_04aebd17"
                    
                    BASELINE="2765 3197 3228 3191 3756 3158 3883 3160" 
                    HPOS="2756"
                    VPOS="3097"
                    WIDTH="1126"
                    HEIGHT="132">
            <Shape><Polygon POINTS="2761 3193 2761 3229 3882 3202 3882 3156 3873 3097 2756 3129 2761 3193"/></Shape>
	    <String CONTENT="s i mait dieus nalai iou el querant"
                    HPOS="2756"
                    VPOS="3097"
                    WIDTH="1126"
                    HEIGHT="132"></String>
          </TextLine>

          
          
          <TextLine ID="eSc_line_1334c0d5"
                    
                    BASELINE="2779 3285 2827 3279 2861 3282 3831 3239" 
                    HPOS="2770"
                    VPOS="3179"
                    WIDTH="1057"
                    HEIGHT="146">
            <Shape><Polygon POINTS="2774 3284 2774 3325 3827 3279 3827 3238 3813 3179 2770 3220 2774 3284"/></Shape>
	    <String CONTENT="f ors auentures sachies aessiant"
                    HPOS="2770"
                    VPOS="3179"
                    WIDTH="1057"
                    HEIGHT="146"></String>
          </TextLine>

          
          
          <TextLine ID="eSc_line_59d54f6d"
                    
                    BASELINE="2775 3367 3919 3314" 
                    HPOS="2770"
                    VPOS="3243"
                    WIDTH="1148"
                    HEIGHT="159">
            <Shape><Polygon POINTS="2774 3366 2774 3402 3914 3347 3918 3311 3905 3243 2770 3297 2774 3366"/></Shape>
	    <String CONTENT="n e uous ales biaus sire dementant"
                    HPOS="2770"
                    VPOS="3243"
                    WIDTH="1148"
                    HEIGHT="159"></String>
          </TextLine>

          
          
          <TextLine ID="eSc_line_516850fa"
                    
                    BASELINE="2766 3446 3834 3388" 
                    HPOS="2756"
                    VPOS="3325"
                    WIDTH="1076"
                    HEIGHT="173">
            <Shape><Polygon POINTS="2765 3443 2765 3498 3832 3439 3832 3384 3818 3325 2756 3370 2765 3443"/></Shape>
	    <String CONTENT="q ue par celui qui me donna le sant"
                    HPOS="2756"
                    VPOS="3325"
                    WIDTH="1076"
                    HEIGHT="173"></String>
          </TextLine>

          
          
          <TextLine ID="eSc_line_cc3ecf37"
                    
                    BASELINE="2772 3522 3495 3498 3834 3468" 
                    HPOS="2765"
                    VPOS="3407"
                    WIDTH="1067"
                    HEIGHT="145">
            <Shape><Polygon POINTS="2770 3521 2770 3552 3832 3530 3832 3466 3818 3407 2765 3461 2770 3521"/></Shape>
	    <String CONTENT="g irai lasus en cel palais lui sant"
                    HPOS="2765"
                    VPOS="3407"
                    WIDTH="1067"
                    HEIGHT="145"></String>
          </TextLine>

          
          
          <TextLine ID="eSc_line_608948fc"
                    
                    BASELINE="2785 3598 3239 3622 3557 3634 3841 3657" 
                    HPOS="2774"
                    VPOS="3511"
                    WIDTH="1062"
                    HEIGHT="192">
            <Shape><Polygon POINTS="2966 3516 2920 3516 2875 3521 2829 3521 2784 3521 2784 3593 2774 3644 3827 3703 3836 3653 3832 3566 3522 3525 3002 3511 2966 3516"/></Shape>
	    <String CONTENT="e t se ioutruis par dedens le gaiant"
                    HPOS="2774"
                    VPOS="3511"
                    WIDTH="1062"
                    HEIGHT="192"></String>
          </TextLine>

          
          
          <TextLine ID="eSc_line_5286e9c1"
                    
                    BASELINE="2782 3692 3556 3707 3732 3722 3815 3740" 
                    HPOS="2774"
                    VPOS="3621"
                    WIDTH="1039"
                    HEIGHT="145">
            <Shape><Polygon POINTS="2779 3689 2774 3721 3804 3766 3813 3739 3813 3648 2779 3621 2779 3689"/></Shape>
	    <String CONTENT="c onbatrai mi alespee trenchant"
                    HPOS="2774"
                    VPOS="3621"
                    WIDTH="1039"
                    HEIGHT="145"></String>
          </TextLine>

          
          
          <TextLine ID="eSc_line_2493d85b"
                    
                    BASELINE="2775 3775 3535 3792 3924 3832" 
                    HPOS="2770"
                    VPOS="3707"
                    WIDTH="1153"
                    HEIGHT="146">
            <Shape><Polygon POINTS="3914 3757 3882 3748 2774 3707 2774 3771 2770 3803 3914 3853 3923 3830 3923 3753 3914 3748 3914 3757"/></Shape>
	    <String CONTENT="s il nest plus durs que pierre d[a]imant"
                    HPOS="2770"
                    VPOS="3707"
                    WIDTH="1153"
                    HEIGHT="146"></String>
          </TextLine>

          
          
          <TextLine ID="eSc_line_3dbb8def"
                    
                    BASELINE="2778 3862 3492 3871 3911 3902" 
                    HPOS="2770"
                    VPOS="3776"
                    WIDTH="1139"
                    HEIGHT="164">
            <Shape><Polygon POINTS="3868 3826 3836 3821 2774 3776 2774 3858 2770 3908 3900 3940 3909 3899 3905 3826 3868 3826"/></Shape>
	    <String CONTENT="i el pour fendrai amon acerinbranc"
                    HPOS="2770"
                    VPOS="3776"
                    WIDTH="1139"
                    HEIGHT="164"></String>
          </TextLine>

          
          
          <TextLine ID="eSc_line_facf8813"
                    
                    BASELINE="2791 3944 3425 3950 3866 3978" 
                    HPOS="2788"
                    VPOS="3877"
                    WIDTH="1078"
                    HEIGHT="131">
            <Shape><Polygon POINTS="2791 3944 2788 3968 3860 4008 3866 3978 3863 3917 3067 3877 3064 3877 3061 3877 3000 3896 2997 3896 2791 3893 2791 3944"/></Shape>
	    <String CONTENT="u ous remanres encel pre u̾doiant"
                    HPOS="2788"
                    VPOS="3877"
                    WIDTH="1078"
                    HEIGHT="131"></String>
          </TextLine>

          
          
          <TextLine ID="eSc_line_3ecf09ad"
                    
                    BASELINE="2782 4032 3362 4029 3838 4044" 
                    HPOS="2779"
                    VPOS="3962"
                    WIDTH="1059"
                    HEIGHT="113">
            <Shape><Polygon POINTS="2782 4032 2779 4053 2900 4072 2903 4072 3182 4060 3185 4060 3210 4075 3213 4075 3216 4075 3219 4075 3835 4063 3838 4044 3838 3987 2782 3962 2782 4032"/></Shape>
	    <String CONTENT="e t semires chi en droit atendant"
                    HPOS="2779"
                    VPOS="3962"
                    WIDTH="1059"
                    HEIGHT="113"></String>
          </TextLine>

          
          
          <TextLine ID="eSc_line_837a93e2"
                    
                    BASELINE="2785 4099 3891 4129" 
                    HPOS="2779"
                    VPOS="4031"
                    WIDTH="1107"
                    HEIGHT="118">
            <Shape><Polygon POINTS="2784 4094 2779 4126 3877 4149 3886 4126 3882 4063 2784 4031 2784 4094"/></Shape>
	    <String CONTENT="e t dist Geriaumes tout auostre ꝯmant"
                    HPOS="2779"
                    VPOS="4031"
                    WIDTH="1107"
                    HEIGHT="118"></String>
          </TextLine>

          
          
          <TextLine ID="eSc_line_125cbbbc"
                    
                    BASELINE="2788 4180 3845 4196" 
                    HPOS="2779"
                    VPOS="4099"
                    WIDTH="1062"
                    HEIGHT="219">
            <Shape><Polygon POINTS="3832 4126 3786 4126 3740 4126 3695 4122 3686 4122 3649 4122 3604 4122 3567 4117 3535 4117 3513 4117 3467 4117 3422 4117 3376 4113 3330 4113 3285 4113 3239 4108 3235 4108 3194 4108 3148 4108 3103 4108 3057 4104 3011 4104 2966 4104 2920 4099 2875 4099 2829 4099 2784 4099 2784 4176 2779 4281 2861 4299 2866 4299 2870 4299 2934 4281 2998 4263 3021 4281 3052 4309 3057 4309 3062 4309 3066 4313 3226 4313 3226 4309 3230 4309 3303 4277 3308 4277 3317 4277 3394 4313 3399 4313 3403 4318 3540 4318 3540 4313 3545 4313 3549 4313 3608 4277 3613 4277 3836 4277 3841 4195 3836 4126 3832 4126"/></Shape>
	    <String CONTENT="d ont sa parelle li damoisiaus uaillans"
                    HPOS="2779"
                    VPOS="4099"
                    WIDTH="1062"
                    HEIGHT="219"></String>
          </TextLine>

          
        </TextBlock>
        
        <TextBlock HPOS="4419"
                   VPOS="527"
                   WIDTH="1210"
                   HEIGHT="3631"
                   ID="eSc_textblock_1c3deb0c"
                   TAGREFS="BT5014">
          <Shape><Polygon POINTS="5603 4043 5595 3848 5540 3424 5629 3312 5629 3311 5567 3186 5628 2675 5628 2674 5499 2239 5499 2238 5591 1808 5591 1483 5551 1188 5523 545 4684 527 4424 774 4482 1720 4419 1945 4463 3599 4763 4158"/></Shape>
          
          
          <TextLine ID="eSc_line_96d7f1a5"
                    
                    BASELINE="4668 598 4692 598 4737 598 5473 586" 
                    HPOS="4665"
                    VPOS="534"
                    WIDTH="807"
                    HEIGHT="117">
            <Shape><Polygon POINTS="4670 651 4720 628 5467 628 5472 583 5465 543 5153 534 4747 538 4696 542 4665 596"/></Shape>
	    <String CONTENT="l ehauberc uest lace lelme luisant"
                    HPOS="4665"
                    VPOS="534"
                    WIDTH="807"
                    HEIGHT="117"></String>
          </TextLine>

          
          
          <TextLine ID="eSc_line_a062cf5b"
                    
                    BASELINE="4704 653 5525 655" 
                    HPOS="4702"
                    VPOS="605"
                    WIDTH="820"
                    HEIGHT="96">
            <Shape><Polygon POINTS="5504 605 4702 605 4702 651 4702 696 5518 701 5522 651 5522 646 5504 605"/></Shape>
	    <String CONTENT="e t chaint lespee asop [$$]nostre flanc"
                    HPOS="4702"
                    VPOS="605"
                    WIDTH="820"
                    HEIGHT="96"></String>
          </TextLine>

          
          
          <TextLine ID="eSc_line_a93299a0"
                    
                    BASELINE="4941 716 5525 738" 
                    HPOS="4934"
                    VPOS="655"
                    WIDTH="588"
                    HEIGHT="151">
            <Shape><Polygon POINTS="5121 660 5076 660 5030 660 4984 660 4939 660 4939 715 4934 756 5048 801 5053 801 5185 806 5190 806 5194 806 5258 778 5272 774 5513 792 5522 737 5518 674 5135 655 5121 660"/></Shape>
	    <String CONTENT="re uaa son col r[$]nda[n]t"
                    HPOS="4934"
                    VPOS="655"
                    WIDTH="588"
                    HEIGHT="151"></String>
          </TextLine>

          
          
          <TextLine ID="eSc_line_5811b6f2"
                    
                    BASELINE="4511 821 4547 824" 
                    HPOS="4506"
                    VPOS="715"
                    WIDTH="36"
                    HEIGHT="150">
            <Shape><Polygon POINTS="4506 865 4542 860 4542 819 4538 715 4506 719 4506 819"/></Shape>
	    <String CONTENT="[e]"
                    HPOS="4506"
                    VPOS="715"
                    WIDTH="36"
                    HEIGHT="150"></String>
          </TextLine>

          
          
          <TextLine ID="eSc_line_f0513599"
                    
                    BASELINE="5315 821 5486 819" 
                    HPOS="5308"
                    VPOS="756"
                    WIDTH="173"
                    HEIGHT="104">
            <Shape><Polygon POINTS="5313 819 5313 856 5477 860 5481 815 5467 756 5308 756 5313 819"/></Shape>
	    <String CONTENT="llant"
                    HPOS="5308"
                    VPOS="756"
                    WIDTH="173"
                    HEIGHT="104"></String>
          </TextLine>

          
          
          <TextLine ID="eSc_line_a85bfd41"
                    
                    BASELINE="4515 889 4674 899" 
                    HPOS="4486"
                    VPOS="846"
                    WIDTH="184"
                    HEIGHT="87">
            <Shape><Polygon POINTS="4661 933 4670 897 4670 851 4486 846 4487 902 4506 924"/></Shape>
	    <String CONTENT="l e co"
                    HPOS="4486"
                    VPOS="846"
                    WIDTH="184"
                    HEIGHT="87"></String>
          </TextLine>

          
          
          <TextLine ID="eSc_line_2757cc8d"
                    
                    BASELINE="4528 954 4671 951" 
                    HPOS="4520"
                    VPOS="892"
                    WIDTH="150"
                    HEIGHT="93">
            <Shape><Polygon POINTS="4611 897 4583 892 4520 892 4524 951 4529 985 4557 981 4598 983 4626 973 4653 966 4670 947 4661 897 4656 897"/></Shape>
	    <String CONTENT="n ep[$]"
                    HPOS="4520"
                    VPOS="892"
                    WIDTH="150"
                    HEIGHT="93"></String>
          </TextLine>

          
          
          <TextLine ID="eSc_line_67b7d614"
                    
                    BASELINE="4971 914 5418 906" 
                    HPOS="4962"
                    VPOS="810"
                    WIDTH="455"
                    HEIGHT="141">
            <Shape><Polygon POINTS="4966 951 5413 951 5417 901 5408 838 5267 810 5262 810 5158 829 5112 838 4962 829 4966 911"/></Shape>
	    <String CONTENT="s home s̃ bau [aue]"
                    HPOS="4962"
                    VPOS="810"
                    WIDTH="455"
                    HEIGHT="141"></String>
          </TextLine>

          
          
          <TextLine ID="eSc_line_ead23f73"
                    
                    BASELINE="4531 1016 4661 1003" 
                    HPOS="4520"
                    VPOS="951"
                    WIDTH="136"
                    HEIGHT="87">
            <Shape><Polygon POINTS="4597 951 4520 956 4529 1015 4531 1038 4656 1029 4656 1002 4643 951 4611 951"/></Shape>
	    <String CONTENT="a u"
                    HPOS="4520"
                    VPOS="951"
                    WIDTH="136"
                    HEIGHT="87"></String>
          </TextLine>

          
          
          <TextLine ID="eSc_line_fa171ec0"
                    
                    BASELINE="4722 1011 4941 1008" 
                    HPOS="4720"
                    VPOS="906"
                    WIDTH="219"
                    HEIGHT="141">
            <Shape><Polygon POINTS="4720 1047 4939 1038 4939 1006 4939 920 4720 906 4720 1006"/></Shape>
	    <String CONTENT="[$$$$$$]"
                    HPOS="4720"
                    VPOS="906"
                    WIDTH="219"
                    HEIGHT="141"></String>
          </TextLine>

          
          
          <TextLine ID="eSc_line_d5255b29"
                    
                    BASELINE="4950 983 5512 974" 
                    HPOS="4943"
                    VPOS="911"
                    WIDTH="565"
                    HEIGHT="118">
            <Shape><Polygon POINTS="4948 1029 5504 1002 5508 970 5495 911 4943 915 4948 979"/></Shape>
	    <String CONTENT="mont ot hardement"
                    HPOS="4943"
                    VPOS="911"
                    WIDTH="565"
                    HEIGHT="118"></String>
          </TextLine>

          
          
          <TextLine ID="eSc_line_2e375185"
                    
                    BASELINE="4530 1075 4628 1071" 
                    HPOS="4512"
                    VPOS="1011"
                    WIDTH="112"
                    HEIGHT="104">
            <Shape><Polygon POINTS="4565 1015 4512 1020 4529 1074 4529 1115 4624 1106 4624 1070 4611 1011 4574 1011 4570 1015"/></Shape>
	    <String CONTENT=".h̾. [$]"
                    HPOS="4512"
                    VPOS="1011"
                    WIDTH="112"
                    HEIGHT="104"></String>
          </TextLine>

          
          
          <TextLine ID="eSc_line_22f7048d"
                    
                    BASELINE="4698 1071 5538 1047" 
                    HPOS="4693"
                    VPOS="983"
                    WIDTH="843"
                    HEIGHT="123">
            <Shape><Polygon POINTS="4921 1011 4875 1011 4830 1011 4784 1011 4738 1011 4734 1002 4693 1002 4697 1070 4697 1106 5536 1084 5536 1043 5522 983 4934 997 4921 1011"/></Shape>
	    <String CONTENT="[$] uers du nostre senua aceminãt"
                    HPOS="4693"
                    VPOS="983"
                    WIDTH="843"
                    HEIGHT="123"></String>
          </TextLine>

          
          
          <TextLine ID="eSc_line_0da103ee"
                    
                    BASELINE="4541 1140 4641 1133" 
                    HPOS="4529"
                    VPOS="1074"
                    WIDTH="109"
                    HEIGHT="96">
            <Shape><Polygon POINTS="4538 1170 4638 1166 4638 1131 4624 1074 4529 1074 4538 1138"/></Shape>
	    <String CONTENT="d i"
                    HPOS="4529"
                    VPOS="1074"
                    WIDTH="109"
                    HEIGHT="96"></String>
          </TextLine>

          
          
          <TextLine ID="eSc_line_7f41e65e"
                    
                    BASELINE="4704 1123 5447 1120" 
                    HPOS="4697"
                    VPOS="1056"
                    WIDTH="748"
                    HEIGHT="110">
            <Shape><Polygon POINTS="4743 1070 4697 1070 4702 1120 4702 1166 5440 1161 5445 1115 5431 1056 4807 1065 4789 1070"/></Shape>
	    <String CONTENT="[$$$]duie ihũs lirois amanss"
                    HPOS="4697"
                    VPOS="1056"
                    WIDTH="748"
                    HEIGHT="110"></String>
          </TextLine>

          
          
          <TextLine ID="eSc_line_342cfa51"
                    
                    BASELINE="4549 1202 4570 1202 4604 1202 4640 1193" 
                    HPOS="4538"
                    VPOS="1134"
                    WIDTH="100"
                    HEIGHT="100">
            <Shape><Polygon POINTS="4565 1138 4538 1138 4547 1197 4547 1234 4638 1229 4638 1188 4620 1134 4583 1138"/></Shape>
	    <String CONTENT="o r"
                    HPOS="4538"
                    VPOS="1134"
                    WIDTH="100"
                    HEIGHT="100"></String>
          </TextLine>

          
          
          <TextLine ID="eSc_line_5ea8d97b"
                    
                    BASELINE="4725 1199 5496 1196" 
                    HPOS="4716"
                    VPOS="1138"
                    WIDTH="779"
                    HEIGHT="110">
            <Shape><Polygon POINTS="4720 1248 5490 1234 5495 1193 5486 1138 4716 1138 4720 1197"/></Shape>
	    <String CONTENT="[li] est mestiers dor enauant"
                    HPOS="4716"
                    VPOS="1138"
                    WIDTH="779"
                    HEIGHT="110"></String>
          </TextLine>

          
          
          <TextLine ID="eSc_line_1f96ad48"
                    
                    BASELINE="4544 1270 4687 1272" 
                    HPOS="4542"
                    VPOS="1193"
                    WIDTH="154"
                    HEIGHT="96">
            <Shape><Polygon POINTS="4542 1197 4542 1266 4550 1289 4680 1288 4696 1260 4679 1193 4624 1193 4588 1202"/></Shape>
	    <String CONTENT="c ar"
                    HPOS="4542"
                    VPOS="1193"
                    WIDTH="154"
                    HEIGHT="96"></String>
          </TextLine>

          
          
          <TextLine ID="eSc_line_fd06dc56"
                    
                    BASELINE="4725 1272 5522 1266" 
                    HPOS="4716"
                    VPOS="1207"
                    WIDTH="802"
                    HEIGHT="109">
            <Shape><Polygon POINTS="4720 1307 5513 1316 5518 1261 5504 1207 4716 1211 4720 1270"/></Shape>
	    <String CONTENT="[t] ũs du nr̃e lenfes .h̾. senua"
                    HPOS="4716"
                    VPOS="1207"
                    WIDTH="802"
                    HEIGHT="109"></String>
          </TextLine>

          
          
          <TextLine ID="eSc_line_437721b0"
                    TAGREFS="LT1604"
                    BASELINE="4543 1403 4686 1400" 
                    HPOS="4538"
                    VPOS="1270"
                    WIDTH="154"
                    HEIGHT="155">
            <Shape><Polygon POINTS="4542 1402 4542 1425 4679 1425 4684 1425 4682 1350 4692 1280 4586 1276 4538 1270"/></Shape>
	    <String CONTENT="D"
                    HPOS="4538"
                    VPOS="1270"
                    WIDTH="154"
                    HEIGHT="155"></String>
          </TextLine>

          
          
          <TextLine ID="eSc_line_b3157e0f"
                    
                    BASELINE="4706 1378 4995 1354 5509 1351" 
                    HPOS="4697"
                    VPOS="1284"
                    WIDTH="811"
                    HEIGHT="128">
            <Shape><Polygon POINTS="4702 1375 4702 1412 5508 1393 5508 1348 5495 1284 4697 1298 4702 1375"/></Shape>
	    <String CONTENT="lecor diuoire auueq̃s lui porta"
                    HPOS="4697"
                    VPOS="1284"
                    WIDTH="811"
                    HEIGHT="128"></String>
          </TextLine>

          
          
          <TextLine ID="eSc_line_bc656c07"
                    
                    BASELINE="4528 1455 4737 1430 5457 1424" 
                    HPOS="4520"
                    VPOS="1366"
                    WIDTH="934"
                    HEIGHT="123">
            <Shape><Polygon POINTS="4611 1402 4565 1402 4561 1375 4520 1375 4524 1453 4524 1489 5449 1466 5454 1421 5440 1366 4697 1375 4656 1402"/></Shape>
	    <String CONTENT="t ant aale et tant esploitiet a"
                    HPOS="4520"
                    VPOS="1366"
                    WIDTH="934"
                    HEIGHT="123"></String>
          </TextLine>

          
          
          <TextLine ID="eSc_line_df1de8d3"
                    
                    BASELINE="4541 1509 5570 1497" 
                    HPOS="4533"
                    VPOS="1439"
                    WIDTH="1035"
                    HEIGHT="123">
            <Shape><Polygon POINTS="4624 1443 4579 1448 4533 1453 4538 1507 4538 1562 5563 1530 5568 1494 5554 1439 4624 1439 4624 1443"/></Shape>
	    <String CONTENT="c ala grant porte maintenant atraua"
                    HPOS="4533"
                    VPOS="1439"
                    WIDTH="1035"
                    HEIGHT="123"></String>
          </TextLine>

          
          
          <TextLine ID="eSc_line_54e42e3b"
                    
                    BASELINE="4541 1572 5499 1581" 
                    HPOS="4533"
                    VPOS="1512"
                    WIDTH="962"
                    HEIGHT="105">
            <Shape><Polygon POINTS="4538 1571 4533 1607 5486 1617 5495 1580 5490 1516 4538 1512 4538 1571"/></Shape>
	    <String CONTENT="e t sut le pont tout maĩtenant monta"
                    HPOS="4533"
                    VPOS="1512"
                    WIDTH="962"
                    HEIGHT="105"></String>
          </TextLine>

          
          
          <TextLine ID="eSc_line_a2d5c610"
                    
                    BASELINE="4544 1648 5576 1654" 
                    HPOS="4538"
                    VPOS="1576"
                    WIDTH="1034"
                    HEIGHT="123">
            <Shape><Polygon POINTS="4542 1644 4538 1680 5563 1699 5572 1653 5568 1594 4542 1576 4542 1644"/></Shape>
	    <String CONTENT="[$] ant resgarde qui Grant bruit demena"
                    HPOS="4538"
                    VPOS="1576"
                    WIDTH="1034"
                    HEIGHT="123"></String>
          </TextLine>

          
          
          <TextLine ID="eSc_line_446b8550"
                    
                    BASELINE="4546 1721 5467 1738" 
                    HPOS="4538"
                    VPOS="1648"
                    WIDTH="925"
                    HEIGHT="160">
            <Shape><Polygon POINTS="4542 1717 4538 1771 5454 1808 5463 1735 5458 1676 4542 1648 4542 1717"/></Shape>
	    <String CONTENT="h u[$] [$i]fes forment sen effrea"
                    HPOS="4538"
                    VPOS="1648"
                    WIDTH="925"
                    HEIGHT="160"></String>
          </TextLine>

          
          
          <TextLine ID="eSc_line_56240e70"
                    
                    BASELINE="4485 1981 4737 1928 4816 1897 4999 1861 5379 1837" 
                    HPOS="4465"
                    VPOS="1758"
                    WIDTH="911"
                    HEIGHT="232">
            <Shape><Polygon POINTS="4483 1990 5376 1881 5376 1835 5363 1758 5003 1767 4465 1862 4483 1976"/></Shape>
	    <String CONTENT="d usca la porte mie nesarest a"
                    HPOS="4465"
                    VPOS="1758"
                    WIDTH="911"
                    HEIGHT="232"></String>
          </TextLine>

          
          
          <TextLine ID="eSc_line_38964caf"
                    
                    BASELINE="4482 2048 4671 2007 4737 1985 5151 1928 5558 1910" 
                    HPOS="4468"
                    VPOS="1849"
                    WIDTH="1086"
                    HEIGHT="218">
            <Shape><Polygon POINTS="4693 1935 4647 1944 4602 1954 4561 1963 4544 1981 4499 1985 4468 1997 4479 2067 4481 2049 5554 1949 5554 1908 5545 1849 5185 1858 4743 1917 4734 1926"/></Shape>
	    <String CONTENT="d roit alentree les .ii. hommes trouua"
                    HPOS="4468"
                    VPOS="1849"
                    WIDTH="1086"
                    HEIGHT="218"></String>
          </TextLine>

          
          
          <TextLine ID="eSc_line_86bd1c13"
                    
                    BASELINE="4502 2096 4996 2025 5330 2002" 
                    HPOS="4492"
                    VPOS="1931"
                    WIDTH="834"
                    HEIGHT="205">
            <Shape><Polygon POINTS="4538 2036 4492 2045 4501 2095 4506 2136 5326 2031 5326 1999 5313 1931 4620 2013 4583 2026"/></Shape>
	    <String CONTENT="s icauberons li dist ⁊ deuisa"
                    HPOS="4492"
                    VPOS="1931"
                    WIDTH="834"
                    HEIGHT="205"></String>
          </TextLine>

          
          
          <TextLine ID="eSc_line_0d9fb85f"
                    
                    BASELINE="4502 2168 5069 2098 5497 2074" 
                    HPOS="4492"
                    VPOS="2004"
                    WIDTH="1003"
                    HEIGHT="200">
            <Shape><Polygon POINTS="4501 2163 4501 2204 5495 2113 5495 2072 5481 2004 4492 2095 4501 2163"/></Shape>
	    <String CONTENT="e t ensamain chascuns unflaiel a"
                    HPOS="4492"
                    VPOS="2004"
                    WIDTH="1003"
                    HEIGHT="200"></String>
          </TextLine>

          
          
          <TextLine ID="eSc_line_dbc58bda"
                    
                    BASELINE="4505 2238 5496 2156" 
                    HPOS="4492"
                    VPOS="2090"
                    WIDTH="1003"
                    HEIGHT="178">
            <Shape><Polygon POINTS="4501 2236 4501 2268 5490 2186 5495 2154 5486 2090 4492 2163 4501 2236"/></Shape>
	    <String CONTENT="t out sont defer hues les redonta"
                    HPOS="4492"
                    VPOS="2090"
                    WIDTH="1003"
                    HEIGHT="178"></String>
          </TextLine>

          
          
          <TextLine ID="eSc_line_c1b63d6e"
                    
                    BASELINE="4504 2305 5421 2237" 
                    HPOS="4492"
                    VPOS="2172"
                    WIDTH="925"
                    HEIGHT="169">
            <Shape><Polygon POINTS="4501 2304 4501 2341 5417 2272 5417 2236 5408 2172 4492 2236 4501 2304"/></Shape>
	    <String CONTENT="i uer neste nus diaus ne saresta"
                    HPOS="4492"
                    VPOS="2172"
                    WIDTH="925"
                    HEIGHT="169"></String>
          </TextLine>

          
          
          <TextLine ID="eSc_line_0a2d8bf6"
                    
                    BASELINE="4519 2378 5421 2320" 
                    HPOS="4506"
                    VPOS="2241"
                    WIDTH="911"
                    HEIGHT="182">
            <Shape><Polygon POINTS="4515 2377 4515 2423 5417 2364 5417 2318 5404 2241 4506 2304 4515 2377"/></Shape>
	    <String CONTENT="a ins dameldieus oisillon nefera"
                    HPOS="4506"
                    VPOS="2241"
                    WIDTH="911"
                    HEIGHT="182"></String>
          </TextLine>

          
          
          <TextLine ID="eSc_line_23da9706"
                    
                    BASELINE="4521 2450 4564 2447 4604 2444 5518 2391" 
                    HPOS="4515"
                    VPOS="2332"
                    WIDTH="998"
                    HEIGHT="168">
            <Shape><Polygon POINTS="4520 2446 4520 2500 5513 2427 5513 2386 5499 2332 4515 2386 4520 2446"/></Shape>
	    <String CONTENT="t ant uolast tost qͥ en la porte entrast"
                    HPOS="4515"
                    VPOS="2332"
                    WIDTH="998"
                    HEIGHT="168"></String>
          </TextLine>

          
          
          <TextLine ID="eSc_line_6dbcee30"
                    
                    BASELINE="4528 2520 5486 2472" 
                    HPOS="4520"
                    VPOS="2414"
                    WIDTH="961"
                    HEIGHT="136">
            <Shape><Polygon POINTS="4524 2518 4524 2550 5481 2505 5481 2468 5467 2414 4520 2455 4524 2518"/></Shape>
	    <String CONTENT="qͥ l ne fust mors ia ne lor escapast"
                    HPOS="4520"
                    VPOS="2414"
                    WIDTH="961"
                    HEIGHT="136"></String>
          </TextLine>

          
          
          <TextLine ID="eSc_line_f891ad50"
                    
                    BASELINE="4532 2593 5486 2551" 
                    HPOS="4524"
                    VPOS="2491"
                    WIDTH="957"
                    HEIGHT="141">
            <Shape><Polygon POINTS="4529 2591 4529 2632 5481 2596 5481 2550 5467 2491 4524 2528 4529 2591"/></Shape>
	    <String CONTENT="l i enfes hues asses les esgarda"
                    HPOS="4524"
                    VPOS="2491"
                    WIDTH="957"
                    HEIGHT="141"></String>
          </TextLine>

          
          
          <TextLine ID="eSc_line_9746483f"
                    
                    BASELINE="4532 2666 5486 2620" 
                    HPOS="4524"
                    VPOS="2564"
                    WIDTH="957"
                    HEIGHT="132">
            <Shape><Polygon POINTS="4529 2664 4529 2696 5481 2664 5481 2619 5467 2564 4524 2605 4529 2664"/></Shape>
	    <String CONTENT="d e dameldieu assez les con iura"
                    HPOS="4524"
                    VPOS="2564"
                    WIDTH="957"
                    HEIGHT="132"></String>
          </TextLine>

          
          
          <TextLine ID="eSc_line_adc35d25"
                    
                    BASELINE="4532 2736 5600 2693" 
                    HPOS="4524"
                    VPOS="2632"
                    WIDTH="1071"
                    HEIGHT="137">
            <Shape><Polygon POINTS="4529 2733 4529 2769 5595 2737 5595 2692 5581 2632 4524 2673 4529 2733"/></Shape>
	    <String CONTENT="m ais il ne cessent nus diaus ne saresta"
                    HPOS="4524"
                    VPOS="2632"
                    WIDTH="1071"
                    HEIGHT="137"></String>
          </TextLine>

          
          
          <TextLine ID="eSc_line_34e1dc8f"
                    
                    BASELINE="4543 2802 5621 2766" 
                    HPOS="4540"
                    VPOS="2717"
                    WIDTH="1081"
                    HEIGHT="134">
            <Shape><Polygon POINTS="4543 2802 4543 2836 4622 2851 4625 2851 4820 2833 4850 2830 4859 2830 4892 2842 4895 2842 4898 2842 5038 2827 5108 2821 5126 2827 5151 2833 5154 2833 5157 2833 5160 2833 5163 2833 5175 2824 5190 2818 5621 2818 5621 2766 5612 2717 4589 2739 4586 2739 4540 2751 4543 2802"/></Shape>
	    <String CONTENT="q ant chou uoit hues dameldiu reclama"
                    HPOS="4540"
                    VPOS="2717"
                    WIDTH="1081"
                    HEIGHT="134"></String>
          </TextLine>

          
          
          <TextLine ID="eSc_line_f2b416e1"
                    
                    BASELINE="4546 2872 5441 2854" 
                    HPOS="4538"
                    VPOS="2801"
                    WIDTH="902"
                    HEIGHT="127">
            <Shape><Polygon POINTS="4542 2869 4542 2928 5436 2892 5440 2851 5426 2801 4538 2801 4542 2869"/></Shape>
	    <String CONTENT="e t la pucele en cui il sa ombra"
                    HPOS="4538"
                    VPOS="2801"
                    WIDTH="902"
                    HEIGHT="127"></String>
          </TextLine>

          
          
          <TextLine ID="eSc_line_33a2f059"
                    
                    BASELINE="4550 2954 5600 2927" 
                    HPOS="4542"
                    VPOS="2869"
                    WIDTH="1053"
                    HEIGHT="128">
            <Shape><Polygon POINTS="4547 2951 4547 2997 5595 2965 5595 2924 5581 2869 4542 2892 4547 2951"/></Shape>
	    <String CONTENT="m out durement lenfes ses meruilla"
                    HPOS="4542"
                    VPOS="2869"
                    WIDTH="1053"
                    HEIGHT="128"></String>
          </TextLine>

          
          
          <TextLine ID="eSc_line_33a9bfaf"
                    
                    BASELINE="4527 3018 5588 2997" 
                    HPOS="4520"
                    VPOS="2928"
                    WIDTH="1066"
                    HEIGHT="128">
            <Shape><Polygon POINTS="5385 2933 5340 2933 5303 2933 5235 2933 5203 2937 5158 2937 5112 2937 5066 2942 5021 2942 4975 2942 4930 2942 4884 2947 4839 2947 4793 2947 4748 2947 4702 2951 4656 2951 4611 2951 4565 2951 4561 2942 4520 2942 4524 3015 4524 3056 5581 3051 5586 2992 5572 2928 5399 2928 5385 2933"/></Shape>
	    <String CONTENT="e t enapres mout forment ses maia"
                    HPOS="4520"
                    VPOS="2928"
                    WIDTH="1066"
                    HEIGHT="128"></String>
          </TextLine>

          
          
          <TextLine ID="eSc_line_96d53982"
                    
                    BASELINE="4527 3097 5372 3079 5509 3083" 
                    HPOS="4520"
                    VPOS="3019"
                    WIDTH="988"
                    HEIGHT="137">
            <Shape><Polygon POINTS="4524 3092 4533 3156 4561 3133 5504 3133 5508 3079 5499 3019 4520 3024 4524 3092"/></Shape>
	    <String CONTENT="c onfaitement upalais en terra"
                    HPOS="4520"
                    VPOS="3019"
                    WIDTH="988"
                    HEIGHT="137"></String>
          </TextLine>

          
          
          <TextLine ID="eSc_line_83be74b4"
                    
                    BASELINE="4533 3170 5509 3162" 
                    HPOS="4524"
                    VPOS="3111"
                    WIDTH="984"
                    HEIGHT="95">
            <Shape><Polygon POINTS="4529 3165 4529 3206 5504 3202 5508 3161 5495 3111 4524 3111 4529 3165"/></Shape>
	    <String CONTENT="p ardeuers destre huelins esgarda"
                    HPOS="4524"
                    VPOS="3111"
                    WIDTH="984"
                    HEIGHT="95"
                    WC="0.988995270295577"></String>
          </TextLine>

          
          
          <TextLine ID="eSc_line_f0ee027a"
                    
                    BASELINE="4545 3237 5470 3237" 
                    HPOS="4542"
                    VPOS="3174"
                    WIDTH="925"
                    HEIGHT="114">
            <Shape><Polygon POINTS="4542 3234 4542 3288 5467 3284 5467 3234 5467 3179 4542 3174 4542 3234"/></Shape>
	    <String CONTENT=".i. bachin dor aun piller trouua"
                    HPOS="4542"
                    VPOS="3174"
                    WIDTH="925"
                    HEIGHT="114"></String>
          </TextLine>

          
          
          <TextLine ID="eSc_line_fd852d4a"
                    
                    BASELINE="4547 3301 4864 3335 5593 3321" 
                    HPOS="4538"
                    VPOS="3243"
                    WIDTH="1052"
                    HEIGHT="114">
            <Shape><Polygon POINTS="4542 3297 4538 3357 5586 3357 5590 3320 5577 3243 4542 3247 4542 3297"/></Shape>
	    <String CONTENT="c hus qui li mist mout bien liatacha"
                    HPOS="4538"
                    VPOS="3243"
                    WIDTH="1052"
                    HEIGHT="114"></String>
          </TextLine>

          
          
          <TextLine ID="eSc_line_3722bee9"
                    
                    BASELINE="4555 3599 4770 3481 5436 3404" 
                    HPOS="4529"
                    VPOS="3325"
                    WIDTH="902"
                    HEIGHT="273">
            <Shape><Polygon POINTS="4552 3598 4565 3598 4957 3484 5190 3470 5399 3452 5404 3452 5408 3452 5408 3448 5431 3420 5431 3402 5413 3325 4816 3370 4811 3370 4638 3457 4629 3461 4529 3475 4552 3598"/></Shape>
	    <String CONTENT="h ues leuoit celepart en dala"
                    HPOS="4529"
                    VPOS="3325"
                    WIDTH="902"
                    HEIGHT="273"></String>
          </TextLine>

          
          
          <TextLine ID="eSc_line_7f4b021a"
                    
                    BASELINE="4590 3666 4716 3629 4730 3567 5494 3470" 
                    HPOS="4574"
                    VPOS="3384"
                    WIDTH="921"
                    HEIGHT="278">
            <Shape><Polygon POINTS="5431 3402 5385 3411 5354 3411 5335 3425 5139 3434 5117 3443 5071 3448 5025 3452 4980 3457 4934 3461 4889 3466 4880 3466 4702 3516 4697 3521 4661 3539 4615 3562 4574 3580 4588 3662 4656 3648 4825 3584 5495 3516 5490 3466 5481 3411 5436 3384 5431 3402"/></Shape>
	    <String CONTENT="o [r] escoutez de coi sepour pensa"
                    HPOS="4574"
                    VPOS="3384"
                    WIDTH="921"
                    HEIGHT="278"></String>
          </TextLine>

          
          
          <TextLine ID="eSc_line_990e251b"
                    
                    BASELINE="4623 3719 4746 3697 4751 3643 5550 3554" 
                    HPOS="4620"
                    VPOS="3489"
                    WIDTH="929"
                    HEIGHT="227">
            <Shape><Polygon POINTS="5103 3521 5057 3525 5012 3530 4966 3539 4921 3543 4902 3543 4716 3589 4697 3630 4665 3639 4620 3716 4620 3716 5025 3634 5549 3598 5549 3552 5540 3489 5103 3516 5103 3521"/></Shape>
	    <String CONTENT="il t[]ait les pee dont se uins ladouba"
                    HPOS="4620"
                    VPOS="3489"
                    WIDTH="929"
                    HEIGHT="227"></String>
          </TextLine>

          
          
          <TextLine ID="eSc_line_2ee0602b"
                    
                    BASELINE="4649 3785 4760 3762 4784 3722 5550 3634" 
                    HPOS="4638"
                    VPOS="3571"
                    WIDTH="911"
                    HEIGHT="223">
            <Shape><Polygon POINTS="5158 3598 5112 3603 5066 3607 5021 3612 4975 3616 4930 3621 4902 3621 4743 3662 4725 3698 4684 3707 4638 3716 4647 3780 4647 3794 4880 3739 5549 3675 5549 3630 5540 3571 5176 3593 5158 3598"/></Shape>
	    <String CONTENT="s or le bacin lenfes .iii. caus hurta"
                    HPOS="4638"
                    VPOS="3571"
                    WIDTH="911"
                    HEIGHT="223"></String>
          </TextLine>

          
          
          <TextLine ID="eSc_line_a6fba00b"
                    
                    BASELINE="4679 3837 4812 3799 5463 3725" 
                    HPOS="4639"
                    VPOS="3657"
                    WIDTH="819"
                    HEIGHT="210">
            <Shape><Polygon POINTS="4724 3780 4639 3799 4656 3842 4679 3867 4861 3817 5458 3766 5458 3721 5445 3657 5176 3694 4835 3737 4770 3766"/></Shape>
	    <String CONTENT="e t li palais tenti ⁊ resonna"
                    HPOS="4639"
                    VPOS="3657"
                    WIDTH="819"
                    HEIGHT="210"></String>
          </TextLine>

          
          
          <TextLine ID="eSc_line_a9a10059"
                    
                    BASELINE="4832 3853 5586 3788" 
                    HPOS="4825"
                    VPOS="3721"
                    WIDTH="756"
                    HEIGHT="178">
            <Shape><Polygon POINTS="5185 3757 5139 3762 5094 3766 5048 3771 5003 3776 4957 3785 4912 3789 4871 3794 4825 3798 4830 3848 4830 3899 5581 3839 5581 3785 5572 3721 5194 3753 5185 3757"/></Shape>
	    <String CONTENT="isieus seuin debordiaus la cite"
                    HPOS="4825"
                    VPOS="3721"
                    WIDTH="756"
                    HEIGHT="178"></String>
          </TextLine>

          
          
          <TextLine ID="eSc_line_f6be5290"
                    
                    BASELINE="4858 3929 5598 3873" 
                    HPOS="4848"
                    VPOS="3798"
                    WIDTH="747"
                    HEIGHT="169">
            <Shape><Polygon POINTS="5581 3798 4848 3858 4857 3926 4857 3967 5595 3908 5595 3871 5586 3803 5581 3798"/></Shape>
	    <String CONTENT="sor lebacin qui fu dor esmere"
                    HPOS="4848"
                    VPOS="3798"
                    WIDTH="747"
                    HEIGHT="169"></String>
          </TextLine>

          
          
          <TextLine ID="eSc_line_1f512092"
                    TAGREFS="LT1604"
                    BASELINE="4731 4003 4861 3957" 
                    HPOS="4659"
                    VPOS="3829"
                    WIDTH="202"
                    HEIGHT="188">
            <Shape><Polygon POINTS="4861 3976 4825 3850 4772 3884 4723 3829 4659 3863 4734 4017"/></Shape>
	    <String CONTENT="L"
                    HPOS="4659"
                    VPOS="3829"
                    WIDTH="202"
                    HEIGHT="188"></String>
          </TextLine>

          
          
          <TextLine ID="eSc_line_d8e4ef9b"
                    
                    BASELINE="4746 4043 4975 4001 5163 3984 5560 3948" 
                    HPOS="4743"
                    VPOS="3880"
                    WIDTH="816"
                    HEIGHT="192">
            <Shape><Polygon POINTS="4779 3981 4743 3994 4743 4040 4743 4072 5559 3981 5559 3944 5545 3880 4834 3953 4825 3967"/></Shape>
	    <String CONTENT="a i[n] aus ferus ꝑ Grant fierte"
                    HPOS="4743"
                    VPOS="3880"
                    WIDTH="816"
                    HEIGHT="192"></String>
          </TextLine>

          
          
          <TextLine ID="eSc_line_381c0ea7"
                    
                    BASELINE="4771 4111 4898 4114 4900 4072 5064 4080 5517 4031" 
                    HPOS="4761"
                    VPOS="3953"
                    WIDTH="752"
                    HEIGHT="242">
            <Shape><Polygon POINTS="5445 3958 5399 3962 5354 3967 5322 3967 4912 4008 4902 4012 4884 4017 4866 4075 4807 4031 4761 4035 4770 4108 4775 4190 4898 4195 4902 4195 4907 4195 4912 4195 4912 4190 4916 4190 4930 4172 4948 4149 5025 4145 5053 4158 5112 4186 5117 4186 5121 4186 5390 4163 5395 4163 5399 4163 5399 4158 5404 4158 5445 4108 5445 4104 5513 4099 5513 4026 5499 3953 5490 3953"/></Shape>
	    <String CONTENT="u ne pucele ot upalais liste"
                    HPOS="4761"
                    VPOS="3953"
                    WIDTH="752"
                    HEIGHT="242"></String>
          </TextLine>

          
        </TextBlock>
        
        <TextBlock HPOS="5601"
                   VPOS="485"
                   WIDTH="1436"
                   HEIGHT="3596"
                   ID="eSc_textblock_2eef9944"
                   TAGREFS="BT5015">
          <Shape><Polygon POINTS="5631 545 5601 1269 5681 2871 5734 4081 6300 4012 7037 4003 7037 2965 6859 485"/></Shape>
          
          
          <TextLine ID="eSc_line_cb210493"
                    
                    BASELINE="5626 583 6696 566" 
                    HPOS="5622"
                    VPOS="507"
                    WIDTH="1071"
                    HEIGHT="139">
            <Shape><Polygon POINTS="5622 614 6224 601 6361 637 6406 646 6411 646 6415 646 6693 642 6693 564 6651 522 6497 508 6431 511 6362 508 6247 527 6171 534 6092 530 6005 536 5929 525 5839 511 5790 525 5732 507 5656 512 5622 578"/></Shape>
	    <String CONTENT="s e bille ot non mon [$$$$$$$$ $$$$]te"
                    HPOS="5622"
                    VPOS="507"
                    WIDTH="1071"
                    HEIGHT="139"></String>
          </TextLine>

          
          
          <TextLine ID="eSc_line_aeedcf76"
                    
                    BASELINE="5609 658 6335 637" 
                    HPOS="5606"
                    VPOS="573"
                    WIDTH="729"
                    HEIGHT="128">
            <Shape><Polygon POINTS="6217 573 6189 592 6183 595 5606 595 5609 658 5609 683 5658 701 5661 701 5664 701 5667 701 5703 683 5712 680 5740 683 5816 695 5819 695 5940 683 6004 677 6332 680 6335 637 6329 592 6232 573 6217 573"/></Shape>
	    <String CONTENT="s i cost com ot le bac"
                    HPOS="5606"
                    VPOS="573"
                    WIDTH="729"
                    HEIGHT="128"></String>
          </TextLine>

          
          
          <TextLine ID="eSc_line_a10ae7a7"
                    
                    BASELINE="5633 740 6423 707" 
                    HPOS="5627"
                    VPOS="655"
                    WIDTH="796"
                    HEIGHT="128">
            <Shape><Polygon POINTS="5633 740 5633 783 5828 777 5831 777 5834 777 5855 762 6186 762 6204 762 6207 762 6214 762 6302 743 6420 753 6423 707 6417 661 6132 655 6129 655 5627 692 5633 740"/></Shape>
	    <String CONTENT="a la fenestre en est [e$le]"
                    HPOS="5627"
                    VPOS="655"
                    WIDTH="796"
                    HEIGHT="128"></String>
          </TextLine>

          
          
          <TextLine ID="eSc_line_609972e0"
                    
                    BASELINE="5627 816 6435 780 6750 780" 
                    HPOS="5618"
                    VPOS="692"
                    WIDTH="1130"
                    HEIGHT="164">
            <Shape><Polygon POINTS="6392 710 6361 710 6329 710 6301 715 6265 715 5618 742 5622 815 5622 856 6748 797 6748 778 6739 692 6392 706 6392 710"/></Shape>
	    <String CONTENT="e t uoit huon qui[su]nens uent"
                    HPOS="5618"
                    VPOS="692"
                    WIDTH="1130"
                    HEIGHT="164"></String>
          </TextLine>

          
          
          <TextLine ID="eSc_line_7c8183ca"
                    
                    BASELINE="5630 895 5673 895 5719 892 6611 844 6750 849" 
                    HPOS="5622"
                    VPOS="783"
                    WIDTH="1126"
                    HEIGHT="150">
            <Shape><Polygon POINTS="6711 783 6666 783 6625 783 6579 783 6529 783 6484 783 6438 783 6392 783 5622 819 5627 892 5627 933 6748 883 6748 847 6739 783 6711 783"/></Shape>
	    <String CONTENT="a tiere tourne sa grant duel demene"
                    HPOS="5622"
                    VPOS="783"
                    WIDTH="1126"
                    HEIGHT="150"></String>
          </TextLine>

          
          
          <TextLine ID="eSc_line_76e0a5d1"
                    
                    BASELINE="5624 962 6702 921" 
                    HPOS="5618"
                    VPOS="856"
                    WIDTH="1080"
                    HEIGHT="141">
            <Shape><Polygon POINTS="5622 961 5622 997 6698 947 6698 920 6684 856 5618 897 5622 961"/></Shape>
	    <String CONTENT="e dieus dist ele biaus rois demaiste"
                    HPOS="5618"
                    VPOS="856"
                    WIDTH="1080"
                    HEIGHT="141"></String>
          </TextLine>

          
          
          <TextLine ID="eSc_line_97f94449"
                    
                    BASELINE="5621 1035 6842 992" 
                    HPOS="5618"
                    VPOS="932"
                    WIDTH="1224"
                    HEIGHT="136">
            <Shape><Polygon POINTS="5621 1035 5621 1068 6842 1032 6842 992 6836 944 6657 932 6654 932 6651 932 6648 932 6648 935 6633 947 6618 935 6614 935 6611 935 6608 935 6490 953 6475 956 6466 956 6396 941 6393 941 5618 983 5621 1035"/></Shape>
	    <String CONTENT="q ui est li hom qui chaiens [u]eut euiter"
                    HPOS="5618"
                    VPOS="932"
                    WIDTH="1224"
                    HEIGHT="136"></String>
          </TextLine>

          
          
          <TextLine ID="eSc_line_3ee4b584"
                    
                    BASELINE="5599 1118 6678 1078" 
                    HPOS="5590"
                    VPOS="1011"
                    WIDTH="1085"
                    HEIGHT="127">
            <Shape><Polygon POINTS="5595 1115 5595 1138 6675 1097 6675 1074 6661 1011 5590 1047 5595 1115"/></Shape>
	    <String CONTENT="l asse dolante sechis paiens le set"
                    HPOS="5590"
                    VPOS="1011"
                    WIDTH="1085"
                    HEIGHT="127"></String>
          </TextLine>

          
          
          <TextLine ID="eSc_line_c7f8bd14"
                    
                    BASELINE="5599 1188 6689 1146" 
                    HPOS="5590"
                    VPOS="1088"
                    WIDTH="1094"
                    HEIGHT="132">
            <Shape><Polygon POINTS="5595 1184 5595 1220 6684 1175 6684 1143 6670 1088 5590 1125 5595 1184"/></Shape>
	    <String CONTENT="i lle uaura des truire ⁊ estranler"
                    HPOS="5590"
                    VPOS="1088"
                    WIDTH="1094"
                    HEIGHT="132"></String>
          </TextLine>

          
          
          <TextLine ID="eSc_line_5d8cf769"
                    
                    BASELINE="5599 1267 6734 1217" 
                    HPOS="5590"
                    VPOS="1161"
                    WIDTH="1140"
                    HEIGHT="146">
            <Shape><Polygon POINTS="5595 1266 5595 1307 6730 1266 6730 1216 6716 1161 5590 1193 5595 1266"/></Shape>
	    <String CONTENT="s eil estoient tel mil. tout assamble"
                    HPOS="5590"
                    VPOS="1161"
                    WIDTH="1140"
                    HEIGHT="146"
                    WC="0.994230570019902"></String>
          </TextLine>

          
          
          <TextLine ID="eSc_line_df8c959d"
                    
                    BASELINE="5608 1346 6657 1300" 
                    HPOS="5600"
                    VPOS="1243"
                    WIDTH="1052"
                    HEIGHT="132">
            <Shape><Polygon POINTS="5604 1343 5604 1375 6652 1334 6652 1298 6639 1243 5600 1284 5604 1343"/></Shape>
	    <String CONTENT="s es aroit il en cor anuit tues"
                    HPOS="5600"
                    VPOS="1243"
                    WIDTH="1052"
                    HEIGHT="132"></String>
          </TextLine>

          
          
          <TextLine ID="eSc_line_d8cd29ea"
                    
                    BASELINE="5624 1426 6621 1374" 
                    HPOS="5618"
                    VPOS="1307"
                    WIDTH="1002"
                    HEIGHT="150">
            <Shape><Polygon POINTS="5622 1425 5622 1457 6620 1421 6620 1371 6607 1307 5618 1352 5622 1425"/></Shape>
	    <String CONTENT="e las fait elle et ca il empense"
                    HPOS="5618"
                    VPOS="1307"
                    WIDTH="1002"
                    HEIGHT="150"></String>
          </TextLine>

          
          
          <TextLine ID="eSc_line_0836d5e7"
                    
                    BASELINE="5622 1513 6481 1454 6657 1451" 
                    HPOS="5609"
                    VPOS="1384"
                    WIDTH="1043"
                    HEIGHT="151">
            <Shape><Polygon POINTS="5618 1512 5618 1535 6652 1484 6652 1448 6639 1384 5609 1430 5618 1512"/></Shape>
	    <String CONTENT="s il est de france ille uaura tuer"
                    HPOS="5609"
                    VPOS="1384"
                    WIDTH="1043"
                    HEIGHT="151"></String>
          </TextLine>

          
          
          <TextLine ID="eSc_line_d9d34a32"
                    
                    BASELINE="5625 1585 6484 1533 6657 1530" 
                    HPOS="5618"
                    VPOS="1462"
                    WIDTH="1034"
                    HEIGHT="150">
            <Shape><Polygon POINTS="5622 1580 5622 1612 6652 1576 6652 1525 6639 1462 5618 1516 5622 1580"/></Shape>
	    <String CONTENT="e lle senua ũs legrant huis ester"
                    HPOS="5618"
                    VPOS="1462"
                    WIDTH="1034"
                    HEIGHT="150"></String>
          </TextLine>

          
          
          <TextLine ID="eSc_line_81627839"
                    
                    BASELINE="5628 1667 6718 1621" 
                    HPOS="5622"
                    VPOS="1553"
                    WIDTH="1094"
                    HEIGHT="141">
            <Shape><Polygon POINTS="5627 1662 5627 1694 6716 1639 6716 1617 6702 1553 5622 1580 5627 1662"/></Shape>
	    <String CONTENT="a la fenestre ason cief fors bonte"
                    HPOS="5622"
                    VPOS="1553"
                    WIDTH="1094"
                    HEIGHT="141"></String>
          </TextLine>

          
          
          <TextLine ID="eSc_line_8bdc4596"
                    
                    BASELINE="5637 1746 6739 1682" 
                    HPOS="5627"
                    VPOS="1603"
                    WIDTH="1107"
                    HEIGHT="173">
            <Shape><Polygon POINTS="6675 1621 6629 1621 6584 1626 6538 1626 6493 1630 6447 1630 6402 1630 6356 1635 6310 1635 6265 1639 6219 1639 6174 1639 6128 1644 6083 1644 6037 1648 5991 1648 5946 1653 5900 1653 5855 1653 5850 1653 5809 1658 5777 1658 5741 1658 5718 1662 5700 1662 5627 1662 5636 1744 5636 1776 6734 1721 6734 1680 6721 1603 6675 1603 6675 1621"/></Shape>
	    <String CONTENT="l es armes uoit dont il fu adoubes"
                    HPOS="5627"
                    VPOS="1603"
                    WIDTH="1107"
                    HEIGHT="173"></String>
          </TextLine>

          
          
          <TextLine ID="eSc_line_cb8e78fe"
                    
                    BASELINE="5631 1822 6716 1770" 
                    HPOS="5622"
                    VPOS="1703"
                    WIDTH="1089"
                    HEIGHT="155">
            <Shape><Polygon POINTS="5759 1740 5714 1744 5668 1744 5663 1740 5622 1740 5627 1822 5627 1858 6711 1803 6711 1767 6698 1703 5773 1735 5759 1740"/></Shape>
	    <String CONTENT="u ne crois dor de Grant nobilite"
                    HPOS="5622"
                    VPOS="1703"
                    WIDTH="1089"
                    HEIGHT="155"></String>
          </TextLine>

          
          
          <TextLine ID="eSc_line_8570b0bb"
                    
                    BASELINE="5640 1894 6716 1846" 
                    HPOS="5631"
                    VPOS="1790"
                    WIDTH="1080"
                    HEIGHT="136">
            <Shape><Polygon POINTS="5636 1890 5636 1926 6707 1885 6711 1844 6698 1790 5631 1831 5636 1890"/></Shape>
	    <String CONTENT=".iii. enauoit enses armes ou ures"
                    HPOS="5631"
                    VPOS="1790"
                    WIDTH="1080"
                    HEIGHT="136"></String>
          </TextLine>

          
          
          <TextLine ID="eSc_line_bb872a75"
                    
                    BASELINE="5623 1973 6811 1918" 
                    HPOS="5618"
                    VPOS="1849"
                    WIDTH="1189"
                    HEIGHT="159">
            <Shape><Polygon POINTS="5622 1972 5622 2008 6807 1963 6807 1917 6793 1849 5618 1908 5622 1972"/></Shape>
	    <String CONTENT="e t quant les uit la pucele au uis cler"
                    HPOS="5618"
                    VPOS="1849"
                    WIDTH="1189"
                    HEIGHT="159"></String>
          </TextLine>

          
          
          <TextLine ID="eSc_line_b7a70c1d"
                    
                    BASELINE="5632 2049 6689 2010" 
                    HPOS="5627"
                    VPOS="1940"
                    WIDTH="1057"
                    HEIGHT="146">
            <Shape><Polygon POINTS="5631 2045 5631 2086 6684 2045 6684 2008 6670 1940 5627 1972 5631 2045"/></Shape>
	    <String CONTENT="b ien sot quil fu de france leregne"
                    HPOS="5627"
                    VPOS="1940"
                    WIDTH="1057"
                    HEIGHT="146"></String>
          </TextLine>

          
          
          <TextLine ID="eSc_line_1caaedec"
                    
                    BASELINE="5635 2143 6484 2098 6812 2092" 
                    HPOS="5627"
                    VPOS="2017"
                    WIDTH="1180"
                    HEIGHT="160">
            <Shape><Polygon POINTS="5631 2140 5631 2177 6807 2127 6807 2090 6793 2017 5627 2072 5631 2140"/></Shape>
	    <String CONTENT="l asse fait elle uoirement est ilnes"
                    HPOS="5627"
                    VPOS="2017"
                    WIDTH="1180"
                    HEIGHT="160"></String>
          </TextLine>

          
          
          <TextLine ID="eSc_line_9c97cfba"
                    
                    BASELINE="5658 2216 6854 2159" 
                    HPOS="5652"
                    VPOS="2101"
                    WIDTH="1202"
                    HEIGHT="161">
            <Shape><Polygon POINTS="5658 2216 5661 2262 5725 2238 5849 2234 5876 2250 5879 2250 5883 2250 5886 2250 5889 2250 5895 2247 5928 2231 5955 2244 5961 2247 5965 2247 5968 2247 6077 2241 6080 2241 6083 2241 6086 2234 6104 2222 6174 2231 6217 2234 6220 2234 6326 2219 6432 2207 6548 2207 6778 2207 6782 2207 6785 2207 6788 2207 6788 2204 6791 2204 6800 2192 6803 2189 6854 2189 6854 2159 6848 2101 5652 2152 5658 2216"/></Shape>
	    <String CONTENT="de douce france que iou doi tant amer"
                    HPOS="5652"
                    VPOS="2101"
                    WIDTH="1202"
                    HEIGHT="161"></String>
          </TextLine>

          
          
          <TextLine ID="eSc_line_f3e64d74"
                    
                    BASELINE="5660 2305 6694 2255" 
                    HPOS="5654"
                    VPOS="2190"
                    WIDTH="1039"
                    HEIGHT="146">
            <Shape><Polygon POINTS="5659 2304 5659 2336 6693 2295 6693 2254 6680 2190 5654 2236 5659 2304"/></Shape>
	    <String CONTENT="o si sui honnie se li gaiaus le set"
                    HPOS="5654"
                    VPOS="2190"
                    WIDTH="1039"
                    HEIGHT="146"></String>
          </TextLine>

          
          
          <TextLine ID="eSc_line_b0d6392b"
                    
                    BASELINE="5660 2384 6873 2313" 
                    HPOS="5654"
                    VPOS="2254"
                    WIDTH="1217"
                    HEIGHT="164">
            <Shape><Polygon POINTS="5659 2382 5659 2418 6871 2345 6871 2309 6857 2254 5654 2309 5659 2382"/></Shape>
	    <String CONTENT="e lle sentourne ni uaust plus demourer"
                    HPOS="5654"
                    VPOS="2254"
                    WIDTH="1217"
                    HEIGHT="164"></String>
          </TextLine>

          
          
          <TextLine ID="eSc_line_168e587f"
                    
                    BASELINE="5666 2454 6806 2399" 
                    HPOS="5659"
                    VPOS="2341"
                    WIDTH="1144"
                    HEIGHT="136">
            <Shape><Polygon POINTS="5663 2450 5663 2477 6803 2432 6803 2395 6789 2341 5659 2382 5663 2450"/></Shape>
	    <String CONTENT="u int a la chambre uhorguillous ert"
                    HPOS="5659"
                    VPOS="2341"
                    WIDTH="1144"
                    HEIGHT="136"></String>
          </TextLine>

          
          
          <TextLine ID="eSc_line_25c30bcc"
                    
                    BASELINE="5675 2533 6806 2475" 
                    HPOS="5668"
                    VPOS="2409"
                    WIDTH="1135"
                    HEIGHT="155">
            <Shape><Polygon POINTS="5673 2532 5673 2564 6803 2509 6803 2473 6789 2409 5668 2455 5673 2532"/></Shape>
	    <String CONTENT="u lit dormoit ia nen puist il le uer"
                    HPOS="5668"
                    VPOS="2409"
                    WIDTH="1135"
                    HEIGHT="155"></String>
          </TextLine>

          
          
          <TextLine ID="eSc_line_fe6748f1"
                    
                    BASELINE="5679 2602 6827 2555" 
                    HPOS="5673"
                    VPOS="2477"
                    WIDTH="1152"
                    HEIGHT="155">
            <Shape><Polygon POINTS="6083 2509 6078 2509 5673 2523 5677 2600 5677 2632 6825 2591 6825 2550 6812 2477 6083 2505 6083 2509"/></Shape>
	    <String CONTENT="q nͣt la pucele uoit dormir lemaufe"
                    HPOS="5673"
                    VPOS="2477"
                    WIDTH="1152"
                    HEIGHT="155"></String>
          </TextLine>

          
          
          <TextLine ID="eSc_line_6ad19871"
                    
                    BASELINE="5675 2688 6891 2626" 
                    HPOS="5668"
                    VPOS="2564"
                    WIDTH="1221"
                    HEIGHT="173">
            <Shape><Polygon POINTS="5673 2687 5673 2737 6889 2673 6889 2623 6875 2564 5668 2610 5673 2687"/></Shape>
	    <String CONTENT="a riere tourne sa forment sous pire"
                    HPOS="5668"
                    VPOS="2564"
                    WIDTH="1221"
                    HEIGHT="173"></String>
          </TextLine>

          
          
          <TextLine ID="eSc_line_d7147d69"
                    
                    BASELINE="5681 2764 6754 2711" 
                    HPOS="5673"
                    VPOS="2641"
                    WIDTH="1079"
                    HEIGHT="160">
            <Shape><Polygon POINTS="5677 2760 5677 2801 6752 2755 6752 2710 6739 2641 5673 2687 5677 2760"/></Shape>
	    <String CONTENT="d usca la porte ne se uaust arester"
                    HPOS="5673"
                    VPOS="2641"
                    WIDTH="1079"
                    HEIGHT="160"></String>
          </TextLine>

          
          
          <TextLine ID="eSc_line_9dca0aec"
                    
                    BASELINE="5681 2846 6801 2786" 
                    HPOS="5673"
                    VPOS="2710"
                    WIDTH="1125"
                    HEIGHT="182">
            <Shape><Polygon POINTS="6698 2714 6639 2714 6625 2719 6611 2719 6538 2719 6534 2723 6525 2723 6443 2723 6443 2728 6438 2728 5673 2764 5677 2842 5677 2892 6798 2833 6798 2783 6784 2710 6716 2710 6716 2714"/></Shape>
	    <String CONTENT="l e guicet a maintenant des ferme"
                    HPOS="5673"
                    VPOS="2710"
                    WIDTH="1125"
                    HEIGHT="182"></String>
          </TextLine>

          
          
          <TextLine ID="eSc_line_9cf2af64"
                    
                    BASELINE="5928 2906 6918 2857" 
                    HPOS="5922"
                    VPOS="2808"
                    WIDTH="996"
                    HEIGHT="128">
            <Shape><Polygon POINTS="5928 2906 5928 2936 6672 2915 6918 2884 6918 2857 6912 2808 6554 2808 6551 2808 6414 2830 6368 2818 6365 2818 6362 2818 5922 2854 5928 2906"/></Shape>
	    <String CONTENT="a gentis dame le guicet des ferma"
                    HPOS="5922"
                    VPOS="2808"
                    WIDTH="996"
                    HEIGHT="128"></String>
          </TextLine>

          
          
          <TextLine ID="eSc_line_aaeec91f"
                    TAGREFS="LT1604"
                    BASELINE="5671 3018 5900 2987" 
                    HPOS="5654"
                    VPOS="2840"
                    WIDTH="252"
                    HEIGHT="202">
            <Shape><Polygon POINTS="5906 2863 5841 2896 5818 2887 5814 2887 5809 2887 5805 2887 5800 2887 5789 2840 5692 2843 5689 2899 5674 2888 5673 2937 5654 2937 5668 3015 5668 3042 5900 3038 5896 2983 5891 2960 5891 2969"/></Shape>
	    <String CONTENT="L"
                    HPOS="5654"
                    VPOS="2840"
                    WIDTH="252"
                    HEIGHT="202"
                    WC="0.999975919723511"></String>
          </TextLine>

          
          
          <TextLine ID="eSc_line_50854784"
                    
                    BASELINE="5936 2991 6933 2939" 
                    HPOS="5928"
                    VPOS="2869"
                    WIDTH="1002"
                    HEIGHT="164">
            <Shape><Polygon POINTS="5932 2988 5932 3033 6930 2978 6930 2937 6916 2869 5928 2906 5932 2988"/></Shape>
	    <String CONTENT="uns uens ensaut qͥlengien ius ieta"
                    HPOS="5928"
                    VPOS="2869"
                    WIDTH="1002"
                    HEIGHT="164"></String>
          </TextLine>

          
          
          <TextLine ID="eSc_line_08df9895"
                    
                    BASELINE="5697 3089 6939 3012" 
                    HPOS="5691"
                    VPOS="2947"
                    WIDTH="1244"
                    HEIGHT="191">
            <Shape><Polygon POINTS="5914 3006 5868 3006 5823 3010 5782 3010 5736 3015 5691 3015 5695 3088 5695 3138 6935 3056 6935 3010 6926 2947 5923 3001 5914 3006"/></Shape>
	    <String CONTENT="l i hom qui batent furent fait aconpas"
                    HPOS="5691"
                    VPOS="2947"
                    WIDTH="1244"
                    HEIGHT="191"></String>
          </TextLine>

          
          
          <TextLine ID="eSc_line_d0894d60"
                    
                    BASELINE="5691 3168 6812 3097 7022 3097" 
                    HPOS="5677"
                    VPOS="3019"
                    WIDTH="1344"
                    HEIGHT="169">
            <Shape><Polygon POINTS="5686 3165 5686 3188 7021 3124 7021 3092 7012 3019 5677 3088 5686 3165"/></Shape>
	    <String CONTENT="c ar tantost con lou uroit lor faloient librac"
                    HPOS="5677"
                    VPOS="3019"
                    WIDTH="1344"
                    HEIGHT="169"></String>
          </TextLine>

          
          
          <TextLine ID="eSc_line_a387c826"
                    
                    BASELINE="5706 3224 6186 3212 6873 3169" 
                    HPOS="5700"
                    VPOS="3111"
                    WIDTH="1171"
                    HEIGHT="150">
            <Shape><Polygon POINTS="5704 3220 5704 3261 6871 3215 6871 3165 6857 3111 5700 3156 5704 3220"/></Shape>
	    <String CONTENT="q ant lenfes hues itout chou ueut a"
                    HPOS="5700"
                    VPOS="3111"
                    WIDTH="1171"
                    HEIGHT="150"></String>
          </TextLine>

          
          
          <TextLine ID="eSc_line_75389204"
                    
                    BASELINE="5703 3320 6835 3250" 
                    HPOS="5691"
                    VPOS="3183"
                    WIDTH="1143"
                    HEIGHT="155">
            <Shape><Polygon POINTS="6238 3211 6201 3211 6178 3211 6146 3215 6101 3215 6096 3215 5691 3229 5700 3316 5700 3338 6830 3288 6834 3247 6825 3183 6260 3206 6238 3211"/></Shape>
	    <String CONTENT="t ant les esgarde que bien les auisa"
                    HPOS="5691"
                    VPOS="3183"
                    WIDTH="1143"
                    HEIGHT="155"></String>
          </TextLine>

          
          
          <TextLine ID="eSc_line_35fa0af8"
                    
                    BASELINE="5715 3396 6396 3358 6950 3321" 
                    HPOS="5709"
                    VPOS="3261"
                    WIDTH="1239"
                    HEIGHT="168">
            <Shape><Polygon POINTS="5714 3393 5714 3429 6948 3347 6948 3320 6939 3261 5709 3316 5714 3393"/></Shape>
	    <String CONTENT="t out maintenant dedens la porte entra"
                    HPOS="5709"
                    VPOS="3261"
                    WIDTH="1239"
                    HEIGHT="168"></String>
          </TextLine>

          
          
          <TextLine ID="eSc_line_22f60778"
                    
                    BASELINE="5721 3472 6915 3401" 
                    HPOS="5714"
                    VPOS="3334"
                    WIDTH="1198"
                    HEIGHT="159">
            <Shape><Polygon POINTS="5718 3470 5718 3493 6912 3425 6912 3398 6903 3334 5714 3398 5718 3470"/></Shape>
	    <String CONTENT="a pres labele mont durement sen ua"
                    HPOS="5714"
                    VPOS="3334"
                    WIDTH="1198"
                    HEIGHT="159"></String>
          </TextLine>

          
          
          <TextLine ID="eSc_line_484e6561"
                    
                    BASELINE="5724 3554 6811 3487" 
                    HPOS="5714"
                    VPOS="3416"
                    WIDTH="1093"
                    HEIGHT="155">
            <Shape><Polygon POINTS="6078 3452 6069 3452 5991 3452 5987 3457 5978 3457 5900 3457 5896 3461 5850 3466 5805 3466 5759 3470 5714 3470 5723 3552 5723 3571 6807 3525 6807 3484 6798 3416 6083 3448 6078 3452"/></Shape>
	    <String CONTENT="c ele sen fuit qui forment ses maia"
                    HPOS="5714"
                    VPOS="3416"
                    WIDTH="1093"
                    HEIGHT="155"></String>
          </TextLine>

          
          
          <TextLine ID="eSc_line_c1448e0d"
                    
                    BASELINE="5733 3633 6678 3571 6811 3575" 
                    HPOS="5723"
                    VPOS="3498"
                    WIDTH="1084"
                    HEIGHT="164">
            <Shape><Polygon POINTS="5996 3539 5987 3539 5909 3539 5905 3543 5859 3548 5814 3548 5768 3552 5723 3552 5732 3630 5732 3662 6803 3598 6807 3571 6798 3498 6001 3534 5996 3539"/></Shape>
	    <String CONTENT="d u gentil hõme capres li sa routa"
                    HPOS="5723"
                    VPOS="3498"
                    WIDTH="1084"
                    HEIGHT="164"></String>
          </TextLine>

          
          
          <TextLine ID="eSc_line_0381b9dc"
                    
                    BASELINE="5733 3703 6320 3671 6569 3647 6995 3641" 
                    HPOS="5727"
                    VPOS="3575"
                    WIDTH="1267"
                    HEIGHT="141">
            <Shape><Polygon POINTS="5732 3698 5732 3716 6994 3662 6994 3639 6980 3575 5727 3630 5732 3698"/></Shape>
	    <String CONTENT="e n une chambre tout maintenant e̾tra"
                    HPOS="5727"
                    VPOS="3575"
                    WIDTH="1267"
                    HEIGHT="141"></String>
          </TextLine>

          
          
          <TextLine ID="eSc_line_133f2164"
                    
                    BASELINE="5743 3771 6539 3729 6822 3726" 
                    HPOS="5736"
                    VPOS="3653"
                    WIDTH="1085"
                    HEIGHT="154">
            <Shape><Polygon POINTS="6146 3680 6101 3680 6055 3684 6010 3684 5964 3689 5919 3689 5873 3694 5827 3694 5782 3698 5736 3698 5741 3766 5741 3807 6821 3766 6821 3725 6812 3653 6178 3675 6146 3680"/></Shape>
	    <String CONTENT="q ant hues uoit qu[$]t ne laparla"
                    HPOS="5736"
                    VPOS="3653"
                    WIDTH="1085"
                    HEIGHT="154"></String>
          </TextLine>

          
          
          <TextLine ID="eSc_line_e22f8971"
                    
                    BASELINE="5733 3853 6332 3811 6995 3799" 
                    HPOS="5727"
                    VPOS="3735"
                    WIDTH="1267"
                    HEIGHT="141">
            <Shape><Polygon POINTS="5732 3848 5732 3876 6994 3835 6994 3798 6980 3735 5727 3776 5732 3848"/></Shape>
	    <String CONTENT="s achies deuoir mout forment lenpesa"
                    HPOS="5727"
                    VPOS="3735"
                    WIDTH="1267"
                    HEIGHT="141"></String>
          </TextLine>

          
          
          <TextLine ID="eSc_line_e054a2d0"
                    
                    BASELINE="5739 3917 6296 3883 6838 3872" 
                    HPOS="5732"
                    VPOS="3807"
                    WIDTH="1102"
                    HEIGHT="128">
            <Shape><Polygon POINTS="5914 3839 5868 3839 5823 3844 5777 3848 5732 3848 5736 3912 5736 3935 6834 3903 6834 3871 6821 3807 5937 3835 5914 3839"/></Shape>
	    <String CONTENT="a ual lacourt maintenant esgarda"
                    HPOS="5732"
                    VPOS="3807"
                    WIDTH="1102"
                    HEIGHT="128"></String>
          </TextLine>

          
          
          <TextLine ID="eSc_line_77519e53"
                    
                    BASELINE="5742 3993 6396 3950 6812 3948" 
                    HPOS="5736"
                    VPOS="3876"
                    WIDTH="1071"
                    HEIGHT="264">
            <Shape><Polygon POINTS="5741 3990 5745 4140 5932 4140 5937 4140 5941 4140 5969 4122 6124 4012 6424 4063 6452 4067 6456 4067 6461 4067 6465 4067 6474 4058 6566 3994 6803 4017 6807 3944 6793 3876 5736 3912 5741 3990"/></Shape>
	    <String CONTENT="a ures garder la pucele perdue a"
                    HPOS="5736"
                    VPOS="3876"
                    WIDTH="1071"
                    HEIGHT="264"></String>
          </TextLine>

          
        </TextBlock>
        
        <TextBlock HPOS="6891"
                   VPOS="185"
                   WIDTH="341"
                   HEIGHT="147"
                   ID="eSc_textblock_0bd723b5"
                   TAGREFS="BT5019">
          <Shape><Polygon POINTS="6902 332 6891 241 7158 185 7192 199 7232 215 7227 281"/></Shape>
          
          
          <TextLine ID="eSc_line_6afed597"
                    
                    BASELINE="6903 289 7226 229" 
                    HPOS="6871"
                    VPOS="86"
                    WIDTH="360"
                    HEIGHT="260">
            <Shape><Polygon POINTS="6898 286 6907 346 7231 305 7222 227 7190 86 6871 159 6898 286"/></Shape>
	    <String CONTENT="CCCXXIII"
                    HPOS="6871"
                    VPOS="86"
                    WIDTH="360"
                    HEIGHT="260"></String>
          </TextLine>

          
        </TextBlock>
        
        <TextBlock HPOS="7072"
                   VPOS="300"
                   WIDTH="186"
                   HEIGHT="154"
                   ID="eSc_textblock_71375e12"
                   TAGREFS="BT5017">
          <Shape><Polygon POINTS="7072 326 7072 398 7072 454 7258 420 7250 300"/></Shape>
          
          
          <TextLine ID="eSc_line_070ae20c"
                    
                    BASELINE="7079 400 7265 381" 
                    HPOS="7062"
                    VPOS="277"
                    WIDTH="201"
                    HEIGHT="196">
            <Shape><Polygon POINTS="7076 396 7081 460 7263 473 7263 378 7245 277 7062 296 7076 396"/></Shape>
	    <String CONTENT="323"
                    HPOS="7062"
                    VPOS="277"
                    WIDTH="201"
                    HEIGHT="196"></String>
          </TextLine>

          
        </TextBlock>
        
        <TextBlock HPOS="2746"
                   VPOS="755"
                   WIDTH="1312"
                   HEIGHT="744"
                   ID="eSc_textblock_2e8f30c8"
                   TAGREFS="BT5010">
          <Shape><Polygon POINTS="3059 789 3012 791 2975 777 2825 755 2746 808 2868 800 2975 828 2949 876 2993 929 3140 945 2929 1103 3070 1090 3071 1090 3109 1022 3213 1151 3216 1155 3377 1203 3403 1292 3671 1290 3896 1290 4058 1499 4003 1290 3872 1023 3451 1065 3286 877 3107 836"/></Shape>
          
        </TextBlock>
        
        <TextBlock HPOS="3303"
                   VPOS="722"
                   WIDTH="141"
                   HEIGHT="50"
                   ID="eSc_textblock_82310d64"
                   TAGREFS="BT5010">
          <Shape><Polygon POINTS="3306 743 3303 767 3444 772 3441 743 3385 722"/></Shape>
          
        </TextBlock>
        
        <TextBlock HPOS="3373"
                   VPOS="764"
                   WIDTH="3"
                   HEIGHT="14"
                   ID="eSc_textblock_58d14918"
                   >
          <Shape><Polygon POINTS="3376 764 3376 778 3373 778 3373 764"/></Shape>
          
        </TextBlock>
        
        <TextBlock HPOS="4338"
                   VPOS="493"
                   WIDTH="1085"
                   HEIGHT="880"
                   ID="eSc_textblock_5ad97188"
                   TAGREFS="BT5010">
          <Shape><Polygon POINTS="4490 493 4338 793 4470 773 4682 907 4629 1027 4642 1175 4735 1373 4725 1281 4722 1256 4798 1269 4736 1227 4737 1191 4842 1208 4752 1172 4762 1128 4691 1102 4717 998 4764 1013 4807 980 4934 987 4985 897 5182 870 5264 890 5423 900 5320 785 5328 753 5301 732 5105 771 4960 716 4864 722"/></Shape>
          
        </TextBlock>
        
        <TextBlock HPOS="5293"
                   VPOS="770"
                   WIDTH="27"
                   HEIGHT="5"
                   ID="eSc_textblock_ed0230c5"
                   >
          <Shape><Polygon POINTS="5293 775 5293 770 5320 770 5320 775"/></Shape>
          
        </TextBlock>
        
        <TextBlock HPOS="4552"
                   VPOS="1293"
                   WIDTH="116"
                   HEIGHT="121"
                   ID="eSc_textblock_067e45ff"
                   TAGREFS="BT5013">
          <Shape><Polygon POINTS="4564 1293 4552 1411 4656 1414 4668 1378 4662 1293"/></Shape>
          
        </TextBlock>
        
        <TextBlock HPOS="4311"
                   VPOS="1722"
                   WIDTH="873"
                   HEIGHT="285"
                   ID="eSc_textblock_d14d9afb"
                   TAGREFS="BT5010">
          <Shape><Polygon POINTS="4353 1760 4311 2007 4491 1922 4757 1858 5184 1790 5146 1772 4835 1760 4725 1722 4570 1730 4479 1763"/></Shape>
          
        </TextBlock>
        
        <TextBlock HPOS="4373"
                   VPOS="3307"
                   WIDTH="938"
                   HEIGHT="460"
                   ID="eSc_textblock_21e8541a"
                   TAGREFS="BT5010">
          <Shape><Polygon POINTS="4373 3307 4394 3633 4626 3525 4808 3767 4673 3501 4722 3445 5311 3357 5055 3348"/></Shape>
          
        </TextBlock>
        
        <TextBlock HPOS="4661"
                   VPOS="3819"
                   WIDTH="183"
                   HEIGHT="200"
                   ID="eSc_textblock_536b2007"
                   TAGREFS="BT5013">
          <Shape><Polygon POINTS="4661 3869 4729 4019 4784 3999 4844 3981 4819 3878 4759 3877 4779 3819"/></Shape>
          
        </TextBlock>
        
        <TextBlock HPOS="5652"
                   VPOS="2834"
                   WIDTH="252"
                   HEIGHT="185"
                   ID="eSc_textblock_bb593725"
                   TAGREFS="BT5013">
          <Shape><Polygon POINTS="5899 2998 5904 2864 5822 2887 5814 2834 5652 2834 5667 3019"/></Shape>
          
        </TextBlock>
        
        <TextBlock HPOS="6144"
                   VPOS="562"
                   WIDTH="561"
                   HEIGHT="207"
                   ID="eSc_textblock_f13fa001"
                   TAGREFS="BT5010">
          <Shape><Polygon POINTS="6346 643 6359 673 6399 719 6443 723 6520 722 6535 769 6642 767 6705 722 6681 640 6571 620 6496 562 6187 583 6243 626 6144 762 6264 711 6261 610"/></Shape>
          
        </TextBlock>
        
        <TextBlock HPOS="865"
                   VPOS="1296"
                   WIDTH="258"
                   HEIGHT="239"
                   ID="eSc_textblock_bd652ca1"
                   TAGREFS="BT5010">
          <Shape><Polygon POINTS="885 1296 865 1535 1004 1535 1123 1535 1016 1403"/></Shape>
          
        </TextBlock>
        
        <TextBlock HPOS="7048"
                   VPOS="4193"
                   WIDTH="582"
                   HEIGHT="641"
                   ID="eSc_textblock_fe7d9849"
                   TAGREFS="BT5010">
          <Shape><Polygon POINTS="7624 4834 7630 4519 7564 4522 7435 4458 7275 4377 7189 4321 7147 4273 7048 4193 7161 4499 7148 4813"/></Shape>
          
        </TextBlock>
        
        <TextBlock HPOS="4772"
                   VPOS="4725"
                   WIDTH="447"
                   HEIGHT="191"
                   ID="eSc_textblock_080172f2"
                   TAGREFS="BT5010">
          <Shape><Polygon POINTS="4772 4745 4778 4916 5022 4915 5219 4907 5153 4819 5122 4786 5049 4725 5024 4734 4922 4777 4854 4745"/></Shape>
          
        </TextBlock>
        
        <TextBlock HPOS="4701"
                   VPOS="1076"
                   WIDTH="18"
                   HEIGHT="11"
                   ID="eSc_textblock_fad6958e"
                   >
          <Shape><Polygon POINTS="4719 1076 4719 1087 4701 1087 4701 1076"/></Shape>
          
        </TextBlock>
        
        <TextBlock HPOS="4701"
                   VPOS="1070"
                   WIDTH="18"
                   HEIGHT="17"
                   ID="eSc_textblock_51dfa9be"
                   >
          <Shape><Polygon POINTS="4719 1070 4719 1087 4701 1087 4701 1070"/></Shape>
          
        </TextBlock>
        
        <TextBlock HPOS="4550"
                   VPOS="1283"
                   WIDTH="131"
                   HEIGHT="132"
                   ID="eSc_textblock_2709d469"
                   TAGREFS="BT5013">
          <Shape><Polygon POINTS="4560 1284 4550 1415 4679 1411 4681 1283"/></Shape>
          
        </TextBlock>
        
        <TextBlock HPOS="1456"
                   VPOS="1946"
                   WIDTH="224"
                   HEIGHT="200"
                   ID="eSc_textblock_93319353"
                   TAGREFS="BT5013">
          <Shape><Polygon POINTS="1459 1946 1459 2043 1456 2131 1518 2146 1670 2144 1680 1949"/></Shape>
          
        </TextBlock>
        
        <TextBlock HPOS="1463"
                   VPOS="977"
                   WIDTH="178"
                   HEIGHT="153"
                   ID="eSc_textblock_c8efd37e"
                   TAGREFS="BT5013">
          <Shape><Polygon POINTS="1621 1130 1641 1035 1628 977 1469 977 1463 1130"/></Shape>
          
        </TextBlock>
        
        <TextBlock HPOS="5458"
                   VPOS="319"
                   WIDTH="72"
                   HEIGHT="287"
                   ID="eSc_textblock_ff11e24a"
                   TAGREFS="BT5010">
          <Shape><Polygon POINTS="5458 319 5501 516 5530 606 5530 319"/></Shape>
          
        </TextBlock>
        
        <TextBlock HPOS="5154"
                   VPOS="647"
                   WIDTH="283"
                   HEIGHT="116"
                   ID="eSc_textblock_655c77a2"
                   TAGREFS="BT5010">
          <Shape><Polygon POINTS="5154 693 5193 651 5266 647 5324 661 5385 655 5433 661 5437 712 5428 763 5407 699 5371 680 5322 685 5252 669 5191 691"/></Shape>
          
        </TextBlock>
        
        <TextBlock HPOS="5311"
                   VPOS="752"
                   WIDTH="12"
                   HEIGHT="5"
                   ID="eSc_textblock_79a57659"
                   >
          <Shape><Polygon POINTS="5311 757 5311 752 5323 752 5323 757"/></Shape>
          
        </TextBlock>
        
        <TextBlock HPOS="7309"
                   VPOS="1025"
                   WIDTH="312"
                   HEIGHT="694"
                   ID="eSc_textblock_c95eb17d"
                   TAGREFS="BT5010">
          <Shape><Polygon POINTS="7309 1214 7324 1352 7500 1601 7621 1719 7621 1478 7530 1025 7420 1170"/></Shape>
          
        </TextBlock>
        
        <TextBlock HPOS="795"
                   VPOS="3231"
                   WIDTH="186"
                   HEIGHT="108"
                   ID="eSc_textblock_feedd04d"
                   TAGREFS="BT5010">
          <Shape><Polygon POINTS="817 3231 795 3339 981 3306 905 3269"/></Shape>
          
        </TextBlock>
        
        <TextBlock HPOS="912"
                   VPOS="4028"
                   WIDTH="327"
                   HEIGHT="161"
                   ID="eSc_textblock_7746ced2"
                   TAGREFS="BT5010">
          <Shape><Polygon POINTS="912 4028 939 4189 1239 4129 1094 4039"/></Shape>
          
        </TextBlock>
        
        <TextBlock HPOS="2208"
                   VPOS="4763"
                   WIDTH="499"
                   HEIGHT="324"
                   ID="eSc_textblock_648760e2"
                   TAGREFS="BT5010">
          <Shape><Polygon POINTS="2337 5015 2453 4934 2418 4763 2610 4838 2562 5002 2707 5074 2508 5071 2461 5073 2208 5087"/></Shape>
          
        </TextBlock>
        
        <TextBlock HPOS="3061"
                   VPOS="3429"
                   WIDTH="1140"
                   HEIGHT="306"
                   ID="eSc_textblock_4d180b9d"
                   TAGREFS="BT5010">
          <Shape><Polygon POINTS="3061 3552 3581 3520 4201 3429 4179 3735 3774 3595"/></Shape>
          
        </TextBlock>
        
        <TextBlock HPOS="3055"
                   VPOS="1891"
                   WIDTH="1115"
                   HEIGHT="306"
                   ID="eSc_textblock_8b9d31d5"
                   TAGREFS="BT5010">
          <Shape><Polygon POINTS="3055 2079 3408 2041 3709 1996 3776 1986 4030 1966 4127 1891 4170 2197 3835 2131 3711 2104"/></Shape>
          
        </TextBlock>
        

        
        <TextBlock ID="eSc_dummyblock_">
          
          
          <TextLine ID="eSc_line_362e5bfa"
                    
                    BASELINE="4939 4453 5088 4443" 
                    HPOS="4921"
                    VPOS="4263"
                    WIDTH="164"
                    HEIGHT="269">
            <Shape><Polygon POINTS="4934 4450 4939 4532 5085 4504 5085 4441 5071 4272 5025 4263 5021 4263 5016 4263 5012 4263 5007 4263 4921 4313 4934 4450"/></Shape>
	    <String CONTENT="68"
                    HPOS="4921"
                    VPOS="4263"
                    WIDTH="164"
                    HEIGHT="269"></String>
          </TextLine>

          
          
          <TextLine ID="eSc_line_9eb0b1f2"
                    
                    BASELINE="5138 4606 5318 4597" 
                    HPOS="5132"
                    VPOS="4482"
                    WIDTH="189"
                    HEIGHT="255">
            <Shape><Polygon POINTS="5287 4521 5248 4500 5223 4491 5196 4482 5132 4518 5138 4606 5141 4725 5242 4737 5245 4737 5248 4737 5251 4737 5251 4734 5275 4712 5275 4709 5321 4706 5318 4597 5315 4582 5287 4521"/></Shape>
	    <String CONTENT="27"
                    HPOS="5132"
                    VPOS="4482"
                    WIDTH="189"
                    HEIGHT="255"
                    WC="0.999147236347198"></String>
          </TextLine>

          
        </TextBlock>
        
      </PrintSpace>
    </Page>
  </Layout>
</alto>
