8006 5587
1201 682 2275 791 q ñt on uous tolt uo pais. ⁊ uos fies
1213 754 2269 856 q; dist charlos ꝯment por diu du ciel
1201 824 2305 945 d ist amauris ce uous dirai ie bien
1187 893 2286 1019 c il doi garchon uenront ci cortoier
1210 987 2306 1108 n us ne porra en haute cort plaidier
1206 1052 2351 1182 s e nest par els si me puist dius aidier
1206 1140 2296 1275 i l uous tolront de france lun quart̾
1192 1210 2370 1359 h e: charlot sire car maidies a uengier
1196 1289 2300 1443 s euins lor peres me fist ia destorbier
1206 1382 2114 1527 i l me toli.i. bon castel prisiet
1210 1452 2165 1582 n e me deues falir a moi aidier
1201 1527 2362 1669 d e par uo mere bñ pres uous apartiẽg
1213 1635 2235 1744 s acies de uoir asses plus q̃ en tierc
1210 1694 2328 1815 s i me deues par droit mlt̾ bñ aidier
1210 1778 2222 1893 e t ie de quoi dist .k̶. au uis fier
1207 1856 2278 1970 d ist amauris ce uous dirai ie bien
1178 1918 2324 2062 i e p̾nderai men grant lignage fier
1204 2011 1983 2132 q; uous prendes .xl. chlr̾s
1210 2101 2312 2209 e t soient tout arme ⁊ haubregiet
1204 2178 2297 2287 d eles paris en .i. uert bos fuelliet
1210 2253 2356 2355 e ns en cel bos serõmes embuschiet
1192 2331 2356 2436 q nͣt li garchon cuideront cheuauch̾
1201 2421 2362 2514 c ourons lor sus si lor colpons les cies
1201 2489 2266 2588 o n ne sara ques ara detrencies
1204 2570 2231 2666 q; dist charlos ie lotri uolentiers
1210 2644 2300 2759 d ont sapareillent li traitor lasiner
1201 2714 2426 2849 l es haubers uestent sont les elmes lacies
1204 2805 2381 2923 c haignent espees a lor flans senestries
1219 2899 2368 2995 p uis sont monte sor les corãs destriers
1198 2970 2328 3075 a lor cols pendent les escus de quartier
1201 3044 2346 3156 q; en lor poins les rois trenchans espiels
1216 3125 2247 3224 b ñ furẽt cẽt qnͣ̃t sont appareilliet
1207 3197 2160 3299 d iex cor nel seit .k̶. o le uis fier
1204 3280 2353 3380 c ar sil nen pense il sont a mort uigiet
1198 3352 2306 3454 l i traytour cui dix doinst ẽcõbrier
1188 3429 2222 3532 s estoient bñ arme. ⁊ haubregiet
1192 3513 2231 3612 t ant atendirent q̃ il fu anuitiet
1198 3597 2126 3699 q ñt il fu nuis ⁊ tint asserisiet
1210 3687 2275 3789 d e la uile issent li cuiu̾t pautõnier
1201 3777 2365 3858 c ar de iors nosent errerne cheuaucier
1201 3845 2303 3938 t ant redoutoient .km̾. au uis fier
1232 3926 2272 4019 l es lances font. ⁊ les escus baissier
1216 3988 2340 4106 d us qu au bruellet ni ot regne sachiet
1210 4064 2449 4232 d edens entrerent les uers hiaumes lacies
1204 4149 2272 4246 o r uous lairai des traitors lasniers
1201 4230 2294 4348 d iex les cõfonde qui tout a aiugier
2424 667 3265 766 s i uous dirõs de huon le guert̾
2446 751 3361 847 l enfes a fait son oirre appareillier
2446 810 3504 924 s es barons mande.⁊ ses frans hyretiers
2440 875 3297 1024 d is en a pris qui sont si cõsillier
2458 943 3393 1077 c els en menra aueuc lui cortoier
2542 1021 3433 1167 ues sentourne qui tant fist aloer
2379 976 2551 1280 h
2526 1098 3501 1250 ses barons mande enuirõ detoz leis
2463 1163 3451 1317 d e gironuile afait mander guirer
2440 1224 3441 1406 .i. franc p̾uost cui il pot mout amer
2468 1275 3502 1489 s euins ses peres le tint en gnͣt cierte
2459 1345 3562 1569 t rente ans tous plaĩs ot son pais garde
2463 1452 3362 1629 q; huelins qui tant fist aloer
2459 1527 3334 1722 l i ꝯmanda trestoute syrete
2461 1607 3417 1790 q ue bñ le gart desor saloiaute
2467 1679 3402 1859 q; cil respont ien ferai ur̃e gre
2449 1718 3539 1955 l i enfes hues ne sest mie arrestes
2480 1812 3532 2026 s on oirre a fait ricement atorner
2473 1871 3595 2113 t rente sõmiers a fait lenfes tourser
2468 1978 3446 2192 d e bon argent. ⁊ dorfin esmere
2480 2144 3551 2278 d e bones coupes. ⁊ de hanas dores
2480 2247 3538 2349 d e rices dras de pailes ⁊ de cendels
2467 2327 3600 2433 q; chiens. ⁊ uiautres en mena il asses
2471 2402 3532 2501 o stoirs faucons. ⁊ espreu̾s mues
2487 2481 3371 2579 d is ceual̾s en a olui menes
2498 2570 3594 2672 d e ses barons des mius emparentes
2477 2650 3445 2762 s i cõsillier furent li plus priue
2474 2731 3681 2827 e scuiers maĩnent por seruir as hostels
2477 2809 3638 2902 q; des garchons por lor ceuans garder
2477 2872 3614 3003 p uis sentourna s a cõgie demande
2468 2961 3460 3096 i l et Gerars ne se sont arreste
2495 3029 3659 3169 l or france mere lor uint a lencontrer
2474 3134 3526 3249 m out doucement les prist a apeler
2483 3218 3442 3339 a u departir ꝯmencha a plorer
2477 3287 3544 3454 d ix cor ne seit la grande cruaute
2477 3373 3560 3529 q uauenir doit as iosues bacelers
2477 3445 3544 3603 p uis ne uit .h. en trestout son ae.
2576 3526 3635 3684 ues sentourne ni uaut plus atarg̾
2379 3412 2577 3733 h
2573 3612 3489 3746 il et.Gerars.⁊ tout si ceualier
2473 3687 3637 3850 l or france mere lor uint a lencontrier
2467 3799 3613 3914 m ont doucement les ꝯmence a baisier
2483 3864 3625 4004 E t puis les prent la dame a araisnier
2477 3954 3517 4078 e nfant dist ele uous ales cortoier
2463 4017 3572 4143 i e uous requier por diu le droiturier
2473 4097 3572 4236 q uasplus preudomes uꝰ ales acõitier
2467 4171 3470 4305 a .s̃. eglyse repaires uolentiers
2461 4261 3470 4413 p ortes hõneur. ⁊amor au clergie
4620 493 5532 703 d ones del uostre as poures uolentiers
4582 656 5532 772 s oies courtois et larges uiuendiers
4606 726 5453 847 s i series plus ames ⁊ tenus chiers
4587 791 5383 921 d ame dist .h. a uostre plaisir iert
4536 861 5421 1005 a ces paroles ont demande cõgiet
4526 940 5486 1080 q; la duchoise les courut embrachier
4545 1001 5262 1154 a u departir a plore de pitiet
4512 1070 5444 1257 d iex cor ne seit le mortel encõbrier
4517 1154 5453 1336 q uauenir doit as bachelers legiers
4485 1210 5248 1406 .i. tel secours iferoit enuoier
4489 1275 5290 1480 d ont litraytre seroient iriet
4447 1336 5495 1587 a dont sentornent q̃ ni ont atargiet
4457 1406 5509 1666 [d] roit a paris tout le chemin plenier
4545 1503 5439 1713 [e]le est la route que fisent li somier
4545 1582 5481 1811 [ier] les cõduie qui en crois fu drecies
4517 1629 5402 1913 [uent] [mie] le duel.⁊le meschies
4396 1853 5523 2076 d es traiteurs qui sont el bois muciet
4512 1946 5425 2113 r uont a cort li dolant orphenin
4373 2043 4528 2206 O
4503 2015 5481 2206 bele est la route q̃ fisent li roncin
4424 2118 5379 2272 h ues a pele s⟦e⟧on frere gerardin
4391 2178 5518 2365 g erars biaus freres por diu qͥ ne mẽti
4382 2258 5374 2416 n ous en alons a le court a paris
4401 2351 5374 2486 l e milleur roi uisiter et seruir
4426 2436 5510 2570 q ui onq̃s fust en france ce mest uis
4391 2486 5504 2644 c hantes .i. mot por nos cuers esioyr
4433 2593 5444 2737 n on ferai frere ce a dit gerardins
4424 2667 5532 2807 e n nuit par nuit qñt ie fui endormis
4424 2742 5518 2872 s ongai .i. songe dont ie sui a souplis
4423 2824 5556 2967 q uil me sambloit loiaument le uꝰ. dis
4432 2917 5420 3023 q ue.iii. lu part mauoient assalli
4433 2970 5486 3119 s i me traioient le cuer de sous le pis
4424 3058 5458 3179 u ous escapies mais iestoie hõnis
4443 3138 5477 3259 m ais en la fin a uies mlt̾ assouffrir
4434 3226 5439 3338 p our diu ralons a bordele la chit
4433 3300 5416 3422 a ñre mere qui soef nous norri
4457 3380 5397 3501 n e place diu ce respont huelins
4448 3467 5488 3572 q ue iamais uoie bordele le gnͣt cit
4452 3524 5314 3645 s aye ueu la teste saint denis
4452 3608 5472 3724 o r ne tesmaie.Ge. biaus doz amis
4447 3678 5588 3813 m ais ceuauchons por diu de paradis
4452 3752 5588 3892 c il nous cõduie qui en la crois fu mis
4429 3822 5598 4008 a dont sesploitent ambedoi li meschin
4499 3915 5686 4213 t ant cheuauchierent tout le fere chemĩ
4522 4017 5528 4278 q ui lont ataint dant abe de clugni
4573 4101 5453 4343 q ui sen aloit au conseil. a paris
5668 502 6590 716 m ande lauoit lemperere gentilz
5668 661 6450 782 q; il i ua ne fu mie esbahis
5677 735 6753 856 e n sa ꝯpaigne ot moignes .iiii.uins
5668 819 6594 954 h ues apele son frere gerardin
5663 898 6720 1042 f reres dist il entendes enuers mi
5654 963 6720 1112 u ees uous la les moignes de clugui
5649 1042 6720 1177 i l sen uont droit a le court a paris
5658 1140 6660 1275 n o ꝯpaignie car lor alons offrir
5644 1205 6841 1354 c ar nr̃e mere mlt̾ tres bñ le nous dist
5646 1285 6872 1418 q uaueuc preudome se faisoit bon tenir
5663 1387 6692 1494 s ire dist lenfes tout a ur̃e plaisir
5654 1438 6850 1582 d ont cheuaucierent li baceler meschin
5640 1527 6762 1662 t ant cont ataint dant abe de clugni
5640 1606 6790 1736 q ñt les uoit labbes sest u̾s.h. guencis
5640 1680 6757 1797 m out belement sarresta el chemin
5742 1753 6866 1880 a moisiaus frere dist labes au uis fier
5747 1834 6734 1960 de quel t̾re estes.⁊ de cõfait pais
5579 1791 5762 1969 D
5654 1913 6692 2043 q ui fu li peres qui uous engenui
5668 1997 6701 2127 s ire dist hues par diu de paradis
5672 2062 6734 2211 n ous somes droit de bordele la chit
5668 2157 6891 2287 e t enfant fumes au uaillant duc seuin
5672 2230 6739 2374 m ors est li dus uii. ans a acomplis
5674 2318 6866 2442 u ez ci mon frere qui est maisnes de mi
5677 2383 6866 2514 s alons en france au roi de saint denis
5686 2472 6660 2611 p our releuer no tere ⁊ no pais
5680 2551 6751 2681 c ar lemp̃. nous manda par escris
5686 2597 7055 2770 l a chars nous tͣmble li cuers nous asouplist
5681 2700 6641 2844 p aour auons q̃ ne soions tray.
5683 2777 6860 2930 e nfant dist labes uous estes mi ami
5690 2858 7034 2998 s euins uos peres fu mes germains cousins
5690 2939 6876 3082 s i mait diex uous nares mal sans mi
5691 3007 6827 3161 o r cheuaucies ensamble aueuq̃s mi
5695 3096 6673 3235 d u tierc cõseil sui a cort a paris
5693 3175 6817 3302 q ui uous harra mors sera et hõnis
5718 3246 6798 3383 d e ma parole uous aiderai tous dis
5709 3310 6948 3482 a bandoins uous les cleis de mes escrins
5714 3384 6934 3552 l es piaus de martre. ⁊ largent ⁊ lorfin
5709 3473 6841 3622 q; tout lauoir saint pierre de clugni
5711 3569 6655 3696 ⁊ emprendes tout a ur̃e deuis
5709 3636 6781 3794 d ist .h. sire de diu .u. cens merchis
5711 3706 7018 3867 t ant cheuauchierẽt ensamble li marchis
5721 3814 6786 3951 h ues. ⁊ labes. ⁊ li moigne autresi
5708 3882 6941 4022 q ue li agais du bruellet lor ⟦sailli⟧ choisi
5728 3957 6944 4106 t ous premerains les perchu amauris
5719 4050 6762 4180 b ien recõnut huon o le fier uis
5100 4485 5184 4590 d
4948 4537 5084 4699 46
5155 4665 5276 4828 4
7032 228 7242 512 CCC
7223 395 7363 498 300
