7809 5350
1052 557 2055 708 i e fis mõ frere de la[$$]e tourner
1048 650 2060 793 a ins mienuit le sis certes leuer
1052 722 2256 864 q nͣt nous uenismes pres du bruellet rame
1030 802 1957 940 i e ꝯmẽchai alui a estriber
1052 882 2082 1025 q nͣt li miens sires moi alui ꝑler
1021 980 1868 1114 i l issi hors a. lx adoubes
1052 1052 2060 1190 l a gent huon orẽt tantost tue
1025 1145 2024 1288 .xii. enfesim̃es ens gironde geter
1007 1221 2024 1359 ⁊ puis p̾simes huon le baceler
994 1301 2113 1426 l ui ⁊ sa fẽme ⁊ geriaume le ber
1003 1382 2140 1511 l es poins loies les iex du cief bẽdes
1021 1466 2122 1591 l es a menasmes chaiẽs en la cite
1012 1538 2122 1676 i ou fendi certes. Geriaume le coste
1003 1613 2194 1756 l e barbe en trais ⁊ les dẽs maisselers
1012 1707 2060 1850 l es irai querre certes se uꝰ uoles
1012 1787 2060 1912 d ist auberons uꝰ ne mescaperes
1007 1850 2104 1997 b ñ les arai qnͣt laurrai en nõ de
998 1948 1899 2082 d ist. g̾. sire p᷑ saĩte carite
1003 2024 2104 2162 b ñ sai deuoir iou nepuis escaper
1012 2122 1975 2247 p᷑ chou uꝰ di ie la fine uerite
1012 2189 2104 2340 i ou fis mõ frere en la prisõ ieter
1016 2273 2104 2407 pꝰ men ralai a.s̾. morisse espres
1025 2354 2104 2492 l e gnͣt auoir kot. hues. amene
1021 2438 2104 2576 d emandai iou le couent ⁊ labbe
1025 2527 2149 2670 p᷑ chou q̃ labbes ne le uant deliurer
1025 2612 2149 2750 i ou ⁊ me sires lochesins en nõde
1034 2679 2149 2826 ⁊ puis fesismes cel moigne la abbe
1039 2773 2149 2911 t restout lauoir qͥ ens en labie ert
1048 2857 2096 2987 e n fis errant cha dedẽs amener
1065 2933 2274 3076 q nͣt ioch chou fait .x soum̾s sis torser
1048 3013 2131 3152 ⁊ puis lalai a la court accuser
1039 3098 2131 3241 l auoir dõnai sen fis ma uolẽte
1052 3192 2131 3317 c ar bñ cuidai ꝑ diu de maiste
1079 3276 2131 3406 qͥ l deust estre pẽdus ⁊ trames
1092 3357 2216 3481 s i fusfent miues toutes ses hyretes
1097 3432 2216 3575 l e traison ⁊ le gnt mauuaiste
1092 3508 2305 3660 m e fist tout faire Giboars de uies mes
1097 3597 2180 3727 s il ne fust certes ne leusse pense
1097 3673 2180 3811 d ist auberõs si ait mame sante
1106 3753 1962 3896 ⁊ uꝰ ⁊ il en seres en crue
1106 3834 2136 3967 r oys klm̾ dist auberõs li ber
1114 3918 2180 4057 o r aues uons oi ⁊ escoute
1106 3994 2180 4128 c om .Giboars. ⁊ gerars li derues
1114 4083 2180 4208 o nt loiaumẽt en uers. hũo. erre
1114 4146 2180 4329 m ais ꝑ celui qui ma fait ⁊ forme
2252 568 3072 686 a n doi seront pendu ⁊ trame
2238 579 3233 744 m esmes cis abbes ⁊ li morgnes dales
2270 673 3166 833 p our le tesmong q̃ il en ont porte
2238 713 3215 909 c ertes dist .k̶. nen pueent escaper
2229 802 3202 989 s ire dist namles. or poes escouter
2238 851 3242 1065 s e cest pecies de preudome greuer
2261 913 3309 1154 l i grãs barnages se saĩne de tous les
2252 998 3233 1230 ꝯ mẽt il pot faire tel maluaiste
2252 1061 3295 1310 d ist auberons .Gerart. or mentẽdes
2261 1136 3291 1395 u est li barbe ⁊ li dent maisseler
2256 1328 3344 1475 d ist .G. sire il sont bien enferme
2252 1435 3389 1560 s e il uous plaist ⁊ il uꝰ uient a gre
2252 1524 3277 1645 l es irai querre ⁊ si les aueres
2256 1591 3326 1716 d ist auberons si ait mame sante
2261 1667 3326 1801 i a ꝑ barat de chi nescaperes
2265 1734 3389 1868 b ñ les arai qnͣt iert ma uolentes
2256 1814 3318 1961 i ou les soushide ⁊ de ꝑ damle de
2256 1894 3335 2037 s or ceste table soient chi aporte
2256 1970 3251 2126 t atost ifurent ꝯ il lot deuise
2256 2055 3139 2211 ꝑ faerie ꝑ le diu uolente
2256 2131 3527 2291 a gnͣt meruelle lont franchois escoute
2256 2220 3161 2371 ⁊ hues a auberon apele
2256 2291 3402 2465 s ire dist il sil uous uenoit a gre
2256 2380 3233 2545 ꝑ dõnissies .G. saualuaistie
2274 2465 3295 2625 ⁊ moi ⁊ li seriens tost acorde
2274 2559 3362 2697 d or en auãt serons ami carnel
2274 2625 3313 2790 l a traison ⁊ le gnͣt maluaiste
2274 2697 3567 2875 l i fist tout faire . Gi bouas de uies mes
2274 2790 3500 2955 s ire pour diu prẽgne uous ent pites
2292 2866 3380 3045 ⁊ de ma terre la moitiet li dones
2292 2938 3616 3129 f ranchois lentendẽt sen pleurẽt de pite
2292 3036 3536 3210 d ist auberons si ait mame sante
2287 3103 3585 3294 t ous lors du mõt ne le porroit tenser
2292 3187 3585 3388 a ins les soushaide la ius ẽmi cel pre
2292 3303 3335 3459 q̾ il isoient tout .iiii. traine
2292 3374 3384 3535 a unes fourkes soit .G. encrues
2319 3424 3563 3615 i l ⁊ ses sires . Gibouars de uies mes
2319 3504 3541 3700 ⁊ auoec iaus soushaide iou labbe
2323 3642 3509 3807 p᷑ le tesmong que il li ont porte
2323 3749 3509 3887 e t lautre mongne q̃ il ot amene
2323 3825 3509 3967 l es fourkes uoel ensement deuise
2323 3909 3706 4039 p lus hautes soient cuns ars ne puet ieter
2323 3990 3451 4119 t antost ifurent ꝯ il lot deuise
2323 4074 3242 4181 ꝑ faerie ꝑ le diu uolente
2323 4141 3514 4297 l eur loier ont de lor gnͣ̃t maluaiste
4361 481 4968 637 k̶ le uoit mlt̾ en fu esfraes
4357 597 5101 708 p uis sescria uoiat̃ tout le barne
4339 668 5097 784 ꝑ foi dist il cis hom est damle des
4330 731 5155 860 s e il uoloit nous seriens tout tue
4330 798 4950 931 a uberons lot se li a escrie
4312 864 5128 1029 d rois emꝑeres si ait mame sante
4272 927 5173 1105 n e sui pas dix aĩs sui uns hõ carnes
4254 1007 4985 1181 ⁊ auberõs ꝑ droit non apeles
4236 1074 5204 1261 d roit amonnir t̾tes fu mes cors nes
4214 1141 5012 1324 i ules cesar si me nouri souef
4196 1199 5088 1417 qͥ les cemins fist faire ⁊ ꝯpasser
4201 1270 5075 1511 m orguele fee qͥ tãt ot de biaute
4169 1341 5177 1600 [$] i fu ma mere si me puist dix saluer
4147 1555 5168 1796 .[lx]. mors to[r]s plaĩs me porta es ses les
4125 1668 5127 1857 a ma naissance ot gnͣt ioie mene
4192 1720 5150 1912 t ous les barõs m̃a de̾nt du regne
4183 1810 5142 1988 i ules cesar sist gnͣt ioie mener
4159 1885 5177 2050 g nͣs fu la cors des barons natures
4121 1979 5084 2122 f ors iuinrẽt a ma mere uider
4147 2055 5021 2193 u ne en iot qͥ not mie son gre
4156 2140 5088 2269 s i me dõna tel don ꝯ uous ores
4134 2220 5052 2340 q̾ iou seroie petis [n]aĩs boceres
4134 2304 5052 2416 ⁊ iou si fui sen sui au cuer ires
4098 2371 5262 2505 i ou ne cruch puis q̃ ieuc . iii. ãs passes
4111 2469 5115 2590 q nͣt ele uit q̃ si mot atourne
4116 2550 5115 2666 a sa ꝑole naut . i . pau amender
4111 2634 5168 2746 s i me dõna tel dou ꝯ uous orres
4116 2715 5168 2831 q̾ iou seroie li plus biaxhõ carnes
4120 2795 5106 2924 qͥ onq̃s fust en apres damle de
4107 2884 5043 2991 ⁊ iou si sui si que bien le uees
4107 2964 5115 3076 a ussi biax sui ꝯ solaus en este
4107 3045 5155 3169 ⁊ lautre fee me dõna mix asses
4120 3134 5200 3259 m ais ne uoel pas ore tout raꝯter
4120 3201 5289 3330 c hou q̃ les fees morẽt dit ⁊ ꝯte dõne
4129 3281 5213 3410 d rois emꝑeres dist auberõs li ber
4134 3357 5137 3499 s i mait dix li roys de maiste
4147 3419 5137 3575 m lt̃ aĩme droit ⁊ foi ⁊ loiaute
4143 3499 5128 3655 ⁊ p᷑ chou ai ie de hut̃ gnͣt ꝑite
4152 3566 5177 3758 c ar preudũ est q̃ bñ lai orsune
4152 3740 4936 4012 a i cel mot a. huon. apele
4174 3802 5173 4074 a mis fait [il] or tost si uous hastes
4201 3892 5271 4150 p rendes le barbe ⁊ les dẽs maisselers
4214 3976 5191 4217 s i les portes charlemaĩne le ber
4241 4070 5088 4271 r endera uꝰ uo t̾re ⁊ uo regne
4253 4133 5186 4351 s ire dist .h̾. uolentiers ⁊ de gre
5280 477 6457 628 e rrant se lieue sen est au roy ales
5266 579 6252 699 s ire fait il la barbe receues
5275 650 6337 775 l es .iiii.dens. Gaudisse lamire
5266 744 6158 873 .k̶. les prent sa .hũo. apele
5271 838 6154 971 .h. fait il bñ estes acuites
5275 896 6439 1029 i e uous renc hui uot̾re ⁊ uo regne
5266 976 6497 1110 s i uous ꝑdoĩs rancune ⁊ maluaiste
5266 1070 6283 1185 s ire dist .h. dix uꝰ en sace gre
5280 1150 6207 1261 l i roys se drece sa .h. acole
5280 1221 6323 1341 ⁊ si le baise uoiãt tout le barne
5275 1297 6439 1431 l a corde est faite dix en soit aoures
5284 1373 6466 1502 e nsi reut .hues. toutes ses hyretes
5280 1480 6132 1605 .k̃. apele trestout le ꝑente
5280 1547 6359 1685 a .Gibouart. le traitour proue
5289 1613 6466 1765 l eguin renier ⁊ rohart le derue
5293 1707 6372 1827 t out le lignaie n̾e a .i. oubliet
5271 1765 6520 1921 s eignor dist . k̶. en uers moi entẽdes
5284 1850 6529 1992 i e uous banis de ma gnͣt royaute
5289 1943 6488 2086 s e uous i puis ne tenir ne trouer
5289 2028 6493 2144 u ouᷤ seres seres tout pendu ⁊ tͣine
5298 2099 6555 2242 a tãt sẽ tornẽt ni ont plus arreste
5298 2189 6471 2327 m lt̃ en fu lies tous li rices barnes
5298 2269 6484 2407 s or tous les autres uꝰ [n] li barles
5302 2345 6484 2492 ⁊ li bons abbes de ch[$$ $n] la dures
5293 2438 6355 2572 r oys auberõs a huen apele
5293 2514 6479 2648 h ues dist il enuers moi entẽdes
5293 2590 6564 2732 i e uous ꝯmãs si cier ꝯ uous maues
5293 2683 6551 2839 d ui en .iii. ans a niotint enuerres
5293 2773 6359 2911 s i aueres toute ma roiaute
5316 2853 6408 2982 ⁊ auoec chou ares ma dignite
5324 2920 6569 3089 s achies de uoir bñ le uous puis don̾
5324 3022 6279 3152 c ar ie uꝰ di en fine loiaute
5316 3076 6430 3236 q ũesi me fu au naistre deuise
5329 3169 6457 3325 q̾ bñ le puis cui qͥ ie uoel dõner
5324 3267 6457 3415 ⁊ ie uous aĩme en bone loiaute
5316 3339 6457 3495 c oroune dor en uo cicf porteres
5320 3441 6328 3557 e ta . Se. toutes uos hyretes
5324 3508 6390 3651 u oel iou qͥl ait en boue loiaute
5316 3584 6422 3731 c ar bien les a de serui en nõ de
5329 3669 6448 3816 s erui uꝰ a de cuer ⁊ sãs fausser
5347 3736 6582 3896 e t sa pou uꝰ maĩt trauail endure
5351 3834 6426 3981 m lt̃ est preudõ ⁊ de gnͣt loiaute
5356 3914 6560 4057 m ix len doit estre chou est la ui̾tes
5356 4003 6493 4137 s ire dist. hues. mlt̃ aues bñ ꝑle
5356 4061 6595 4248 i ou li doĩs bñ puis que uons le uoles
4611 4538 4789 4748 7e
6545 203 6919 320 CCCLIIII
6787 316 6957 468 354
5314 4422 5469 4547 58
