8006 5421
1382 609 2412 754 .a s bouchiers uient. Ge li barbes
1373 722 2259 831 t oute la char q̃ il ya trouue
1378 795 2218 917 q; le poisson. le fres. ⁊ le sale
1368 889 2381 998 t restout a fait porter a son ostel
1364 962 2430 1070 .q nͣt li mengiers fu pres ⁊ cõraes
1382 1039 2557 1160 l es napes metent sassieent au disner
1378 1124 2534 1237 l es poures gens sassizent de tous leis
1373 1201 2299 1323 h̾. les sert uolentiers. ⁊ degrez
1352 1278 2236 1384 i l. ⁊ li hostes et Ge libers
1348 1359 2236 1463 .h̾. auoit le bon hanap dore
1355 1413 2444 1549 o n ni sauoit tant metre ne oster
1355 1499 2516 1635 p ar mi la table. ne la gent abuurer
1346 1585 2390 1716 q ue li hanas ne fust ades cõbles
1358 1674 2554 1782 m out sesm̾uellent cil qui lont esgarde
1364 1748 2362 1879 l i senescaus a oeudon le cruel
1359 1816 2530 1951 u int el marchie pour uiande acater
1355 1910 2530 2037 m ais ni a riens cesachies uous trouue
1359 1992 2362 2105 d ont on peust son signor soeler
1355 2059 2408 2177 m out fu dolans li payens deffaes
1346 2145 2408 2267 c els en apele qui uendent le uenel
1355 2240 2430 2362 q uest ce dist il ont chi dyab le este
1346 2308 2317 2421 q ui le marcie ont ensi desrobe
1355 2380 2421 2502 q; cil ont dit. dirons uous uerite
1368 2471 2421 2584 .i. uiellars homs qui le poil ot m̾le
1364 2552 2385 2660 a ensem̃t le marchiet descombre
1373 2615 2498 2742 q ñt cil lentent pres na le sens derue
1368 2710 2390 2818 q uel part est il dist li cuiu̾s ales
1378 2791 2390 2904 q; cil respont en le maison hondre
1373 2868 2376 2999 i l sentourna courechons ⁊ ires
1387 2958 2530 3071 e ns el palais est maintenant entres
1378 3026 2204 3148 q; uoit le duc silen a apele
1368 3117 2371 3225 s ire fait il mal estes eng aues
1378 3175 2462 3329 n esai q̃l gent ont le marchie robe
1373 3266 2444 3388 q; si lont tout de le char descombre
1368 3347 2507 3482 q ue ie neu ai ne tant. ne qñt troue
1373 3442 2507 3559 q; si sont droit en le maison hondre
1373 3519 2507 3641 p ar foi dist oedes il sont mal ostele
1378 3595 2466 3731 i e les ferai maintenant reuider
1378 3677 2385 3817 a uois escrie ales uous adouber
1387 3754 2426 3871 q; mon haub̾̾c me faites aporter
1385 3857 2364 3966 e t il si fisent ne losent de ueer
1388 3933 2310 4035 q; il le p̾ut en son dos la gete
1368 3979 2530 4119 p uis chaint lespee au senestre coste
1397 4095 2367 4195 q; li baron furent tout ap̾ste
2403 4165 2668 4309 endosse
1397 4174 2274 4318 n ia chelui nait hauberc
2659 602 3466 734 o r uous lairai ichi du traitel
2647 632 3546 826 s i uous dirons de huon le m̃bre
2647 700 3564 889 l a poure gent seruoit a lor souꝑ
2656 781 3546 993 i l ⁊ li ostes. et gerialmes liber
2786 837 3641 1051 edens lostel dant hondre le guerr̾
2615 971 2797 1151 D
2769 908 3632 1133 f u huelins cele nuit herbregies
2683 989 3637 1228 l e poure gent seruoit alor meng̾
2679 1061 3655 1305 a sses auoient. ⁊ clare ⁊ uiii uies
2697 1138 3632 1377 c ar li hanas huon ole uis fier
2692 1146 3829 1454 r ent si fait boire cõ il ueut souhaidier
2693 1252 3718 1514 t ont cõ preudõs lauere abaillier
2692 1486 3813 1662 e n le maison mengoit .i. nouelliers
2701 1585 3817 1734 e nu̾s quil pot. est leues sor ses pies
2692 1662 3840 1793 h ors del hostel est maintenant lancies
2697 1739 3822 1870 i l sen uint droit ens el palais plenier
2692 1825 3786 1938 o edon troua qui estoit haubregies
2688 1892 3695 2010 q; li traytres ꝯmencha a huch̾̾
2692 1983 3695 2082 s ire fait il faites pais si moyes
2701 2059 3835 2163 e n le maison hondre mengue .i. chlr̾s
2688 2141 3831 2240 m out a grant gent aueuc lui ce sacies
2697 2213 3808 2344 .i. hanap a qui mout fait aprisier
2698 2290 3813 2421 e nseiuent sourt li uins a souhaidier
2710 2370 3945 2490 c ome .i. sourions qui uenroit dũ grauier
2704 2457 3864 2580 n e tant ne pueent ne boire ne succier
2697 2529 3817 2660 q ue il le puissent noster ne essillier
2697 2588 3971 2746 p ar foi dist. oeudes m̾ueilles toi nonchier
2697 2683 3871 2814 s i fais hanas maroit mlt̾ gnͣt mest̾
2697 2760 3700 2900 p ar mah̾uiz a cui ie ueul prier
2701 2836 3700 2967 i e lirai tost. ⁊ errant assegier
2706 2909 3885 3058 i l nen menront palefroi. ne destrier
2706 2963 3962 3144 a dont satornent dix lordonist encobrier
2715 3091 3701 3216 a ueuc lui uont bñ xxx chlr̾
2719 3135 3881 3293 d usqua lostel hondre nest atargies
2719 3216 3881 3397 l a porte trucuent. ⁊ le pont abaissiet
2719 3288 3966 3469 l i fnͣs prouuos les perch ut toz p̾miers
2733 3397 3727 3555 d ist a hũs mal aues esploitiet
2719 3510 3871 3708 u ez ci le duc ou uient mout corecies
2728 3600 3795 3763 u ous seres ia occis. ⁊ detrenchies
2728 3677 3881 3857 u ous. ⁊ ur̃e home se diex nen a pitie
2728 3758 3777 3916 d ist huelins or ne uous esmayes
2742 3835 3876 4016 o r me laissies par deuant lui plaidier
2724 3912 3853 4083 d roit alencontre uint .ħ. au uis fier
2733 3993 3691 4138 a haute uois li ꝯmence a huch̾.
2746 4083 3740 4246 s ire dist .h̾. ennõ diu bñ uignies
2724 4181 3961 4400 u assal dist oeudes plus pres nen ia prochies
4694 555 5462 655 c restiens estes. et ie sui.i. paiens
4689 618 5399 709 q; par mah̾ cui ie doi deproier
4671 670 5584 786 u ous nẽ menres palefrois ne destries
4640 758 5484 858 a ins uous ferai la teste reoignier
4635 822 5521 935 u ous . ⁊ ur̃e home series tout essillie
4626 894 5484 1016 s ire dist. h̾. ce seroit grans pechies
4621 971 5498 1102 s i mayt dix mout gnͣt tort en aries
4631 1039 5331 1174 ire dist .h̾. ayes uo cuer se ne
4540 1033 4673 1242 S
4635 1115 5484 1260 por lamor diu ⁊ q̃ nous demandes
4536 1179 5543 1341 u assal dist oeudes aparmaĩ le sares
4522 1246 5430 1427 p or seul itant q̃ uous en diu crees
4509 1301 5353 1499 u ous sera ia li ur̃e chies colpes
4490 1364 5578 1583 c heual courant ne destrier nẽ mẽres
4468 1413 5326 1666 m aie or me di desor ta loiaute
4414 1603 5430 1874 p or cuoi as tu tant de gent a une
4441 1703 5430 1942 s ire dist .h̾. certes uous le sares
4440 1816 5561 2005 i e men uois droit outre la rouge mer
4459 1879 5507 2069 c es poures gens q̃ uous ci droit uees
4468 1956 5421 2141 p or lamor diu lor doms ie asouꝑ.
4457 2028 5444 2200 q ue il men laist arriere retorner
4468 2105 5543 2276 ⁊ respont. Derides mal esploitiet aues
4459 2186 5489 2349 c ar iamais iour nul autre ne u̾res
4431 2254 5517 2443 a ins uous ferai toz les m̃bres colper
4436 2344 5435 2511 s ire dist .h̾. laissies uo sarmõner
4459 2425 5507 2579 d escendes tost aueuc nous mẽgeres
4459 2507 5376 2647 q; si fachies ur̃e gñt desaruier
4454 2588 5502 2728 p ar tel couuent q̃ uous dire morres
4441 2642 5588 2791 u ous. ⁊ ur̃e hõme ales uos mains lau̾
4450 2737 5521 2882 i e uous donrai amengier aplente
4454 2823 5399 2949 q; paui. ⁊ char. ⁊ uies uin. ⁊ clare
4454 2877 5597 3031 a pres mengier faites uo droit cõter
4463 2972 5475 3094 q ui tort aura si le fache amend̾̾
4445 3053 5421 3184 a moi mal faire petit amenderes
4450 3139 5335 3288 m oi est auis se faisies loiaute
4427 3239 5403 3510 q ue .i. petit me desiries de porter
4448 3293 5462 3583 c ar on me dist tu fus crestiẽnes
4468 3392 5457 3649 q; respont Oedes tu as dit uerite
4486 3469 5593 3704 d ist ases homes ales uous desarmer
4504 3541 5615 3776 a lons mengier puis q̃ lauons troue
4513 3641 5457 3857 a usi nauons q̃ mengier alostel
4531 3726 5489 3912 q; cil ont dit uous aues bñ parle
4549 3803 5489 3997 i snelement ont les haub̾̾s ostes
4567 3856 5653 4065 a s grans bachins coerent lor maĩs lau̾
4558 3952 5602 4151 a la grant table sassient de tous leis
4576 4079 5141 4323 .h̾. sassist .⁊  Gẽ. li bers
5642 480 6736 638 q; li frans hoᷤ ͭ ͤ ᷤms qui mout fist. aloer
5602 564 6813 704 s assist aueuc po[ser] iaus tous honorer
5634 646 6609 781 b ñ sont serui de ce nestuet parler
5615 727 6609 849 q; lenfes. h̾ sen est eni pies leues
5597 804 6609 939 l e bon mantel descarlate a oste
5602 880 6727 1020 d euant oeudon est maintenant ales
5593 971 6569 1097 p rist le hanap de fin or esuiere
5602 1057 6569 1188 s ire dist. h̾ .por diu or esgardes
5588 1124 6618 1255 c il hanas est tous wis bñ le uees
5579 1192 6664 1341 u ous dites uoir dist. Oedes li derues
5570 1296 6483 1404 .h̾. fait crois dedui de mayste
5593 1368 6460 1508 i snelem̃t fu li hanas cõbles
5606 1445 6460 1563 h uelins la son oncle presente
5602 1523 6650 1656 l ues qui le tint li uins en est ales
5593 1599 6844 1721 u assaus dist oedes uous maues encante
5584 1680 6781 1811 n on ai dit .h̾. auis fait uo maluaistes
5584 1757 6655 1888 m etes le uis car uous ni buueres
5593 1843 6825 1969 q ue de male heure fussies uoꝰ onq̃s ueis
5593 1910 6731 2041 u assal dist oeudes belem̃t maparles
5602 1987 6668 2132 .ꝯment osastes issi fait mot soner
5602 2073 6668 2209 q; sestes ci tous seus en ma chite
5606 2150 6763 2285 m out estes fols par mahomet mõ de
5611 2231 6605 2367 i e uous porroie occire ⁊ decoper
5611 2299 6749 2439 n e trouueries qui uous osast tenser
5606 2385 6749 2520 m ais or me dites gardes ne me cheles
5620 2462 6691 2602 d e quel t̾re estes. ⁊ de cõfait regne
5611 2538 6691 2669 q; respont .h̾. ia mout tost le sares
5620 2624 6691 2746 n e daigneroie q̃ il uous fust cele
5643 2687 6971 2841 d roit a bourdiaus certes fu mes cors neis
5620 2778 6695 2918 q ui fu tes peres.⁊ qui tot engeure
5624 2859 6695 2986 p ar foi dist .h̾. ia ne uous iert cele
5634 2940 6618 3080 s e uins ot non dix li fache pite
5624 3017 6736 3157 c ar il est mors. bñ a uii. ans passe
5624 3094 6650 3243 o edes lentent si ꝯmence a crier
5634 3175 6795 3333 l i fix men frere tu soies bñ trouues
5638 3261 6713 3392 q; q̃ q̃roies ailleurs quẽ mõ hostel
5638 3342 6655 3478 o r me di nies la ou tu dois aler
5643 3419 6722 3550 d ist huelins ia mout tost le sares
5652 3487 6840 3654 i e men uois droit outre la rouge mer
5656 3568 6754 3745 a u roi Gaudisse .i. message conter
5656 3672 6515 3821 s e mi enuoie.klm̾. li ber
5665 3740 6627 3889 p or ce q̃ iai charlot sen fil tue
5665 3830 6646 3979 s i ma tolue trestoute myrete
5679 3866 6790 4056 e ntel maniere si me puist dix sauu̾
5671 3975 6900 4168 q ue iamais iour ni porrai retourner
7144 255 7397 406 CCCXX
7246 367 7433 514 320
4920 4309 5126 4488 24
5084 4481 5192 4616 d
4930 4514 5063 4671 66
