8006 5587
1425 703 2542 814 i e batrai tant saint pierre qui igist
1434 782 2561 881 q ue de sa fiertre ferai tout lor saillir
1443 861 2459 973 s ire dist hues tout a ur̃e plaisir
1439 931 2594 1056 u ez chi men gage. ⁊ ie le uous pleuis
1424 1036 2601 1123 q ue cest menchoigne q̃ cil lerres a dit
1434 1094 2361 1201 s i li ferai par le gueule iehir
1421 1188 2362 1275 q ue ie ne soi quel home ie ocis
1443 1260 2402 1378 n e ne sauoie que ce fust ur̃e filz
1420 1322 2482 1433 l iures ostages dist .k au fier uis
1425 1406 2417 1508 s ire dist hues tout a ur̃e plaisir
1425 1480 2463 1587 c ertes uez la men frere gerardin.
1420 1559 2459 1662 n ai plus ostages en cel palais uolti
1421 1638 2353 1728 c ar ie ni uoi ne parent ne ami
1425 1704 2454 1839 s i faites moi dist labes de clugni
1411 1792 2361 1908 p or ur̃e amor yenterrai ausi
1420 1857 2454 1988 p ar tel couueut cõ ia porres oyr
1412 1958 2424 2045 q ue se tu ies ne tues ne malmis
1415 2011 2501 2132 q; dameldiex ueut itout ce souffrir
1406 2099 2477 2211 h õms soit .k̶. li rois de saint denis
1429 2178 2547 2290 s il ne me pent ains qu il soit auespri
1415 2258 2608 2379 e n ma ꝯpaigne de moignes iiii uins
1425 2341 2556 2458 a bes dist .k. tort aues par saint crist
1406 2425 2640 2528 i a dieu ne place qui en la crois fu mis
1415 2507 2439 2610 q ue mal uꝰ face tant cõ ie soie uis
1409 2591 2551 2712 m ais laissies nous sil uꝰ plaist ꝯuenir
1415 2672 2445 2793 l iures ostages dist .k̶. amauris
1406 2756 2370 2872 s ire uez la. ⁊ rainfroi et henri
1411 2840 2673 2937 l uns est mes oncles lautres est mes cousi̾s
1421 2905 2402 3013 q; ie les preng dist .k̶. au fier uis
1425 2975 2407 3091 p ar tel conuent q̃ ia porres oyr
1421 3057 2663 3169 q ue se uous estes ne uaincus ne malmis
1406 3114 2310 3235 i e les ferai trainer a roncis
1421 3206 2421 3299 q nͣt rainfrois lot a k̶. respondi
1406 3277 2547 3403 d ehait biaus sire qui enterra ainsi
1401 3356 2296 3459 e t ꝯment dont klm̾. a dit
1411 3436 2519 3561 e n non dieu sire sor nos terres tolir
1411 3505 2328 3622 d ist lemp̾. ce soit a uo plaisir
1427 3597 2498 3715 m ais par celui qui onq̃s ne menti
1434 3650 2626 3799 u ous nen tenres ne plain piet ne demi
1533 3755 2377 3858 i gage furent otrie. ⁊ donne
1355 3655 1547 3957 L
1522 3831 2324 3948 et li ostage enu̾s k̶. liure
1421 3926 2464 4038 e n bons aniaus les a on enserrez
1412 3997 2480 4131 .k̶. li rois les fist mout pres garder
1415 4084 2511 4218 b aron dist .k̶. or tost si uous hastes
1396 4168 2458 4323 a les au camp gardes ni demores
2682 661 3597 782 c ar par celui qui en crois en penes
2703 757 3591 862 a ins q̃ mes filz soit en t̾re boutes
2705 814 3669 954 i ert luns uaincus pendus ⁊encroes
2719 903 3402 1042 .k̶. apele duc Nay̾ li barbe
2724 954 3609 1149 N ay̾ dist .k̶. enu̾s moi entendes
2715 1033 3693 1205 p rendes tantost cent chlr̃s armes
2719 1123 3684 1285 q; uous meismes soies bñ aprestes
2719 1196 3674 1373 s i en ales au camp ni demoures
2728 1278 3774 1437 c es .ii. barons aueuc uous en menes
2731 1378 3756 1524 q; si uous pri q̃ uous le camp gardes
2731 1440 3749 1598 q ue traison ni ait ne maluaiste
2734 1533 3715 1676 q ue ne uolroie porloon ma cite
2731 1610 3641 1753 q uil ieust trayson ia pense
2738 1666 3758 1834 s ire dist Nay̾ tout a uo uolente
2733 1718 3795 1922 l i dus sarma qui tant fist a loer
2737 1834 3700 1983 q; chaint lespee au senestre coste
2737 1921 3647 2070 c ent chlr̃s fist aueuc lui aler
2738 1894 4009 2141 e s cheuaus montent qu il ont fait enseler
2744 2039 3774 2216 q; li rois .k̶. a fait son ban crier
2728 2185 3734 2312 q ue il ni ait tant hardi ne ose
2731 2268 3886 2405 t ant soit haus hom. ⁊ de gñt parente
2737 2358 3861 2480 s e il dist mot qui a iaus puist greũ
2731 2436 3827 2548 q uil ne li face toz les m̃bres colper
2738 2514 3823 2649 u ers le moustier sont li baron ale
2738 2593 3795 2742 p our oyr messe a .i. saintisme abe
2852 2694 3936 2818 Ers le moustier en uõt li fnͣc marchis
2648 2682 2860 2891 U
2845 2774 3665 2881 or escoutes de huon q̃ il fist
2719 2849 3772 2989 u ne gnͣt mine li enfes p̃ndre fist
2738 2933 3581 3044 q; si la fait emplir de parisis
2733 2984 3860 3128 a s poures gens a fait tout departir
2725 3082 3753 3175 e t il escrient clerem̃t ⟦a⟧ haus cris
2738 3138 3814 3249 c il te garisse qui en la crois fu mis
2741 3231 3557 3333 q; il te laist a ioie reuenir
2737 3302 3684 3398 m esse canta li bons abes lietris
2737 3377 3771 3485 q ñt fu cantee ⁊ li mestiers fenis
2757 3454 3744 3598 d euant lautel se coucha huelins
2738 3533 3758 3654 d autre part fu li cuiu̾s amauris
2741 3634 3790 3721 e ntor iaus ot gnͣs candelles espris
2729 3692 3828 3822 d euant lautel les orent en crois mis
2737 3783 3697 3898 l es amauri ne se porent tenir
2731 3864 3824 3988 a terre chieent q̃ cascuns bñ les uit
2738 3957 3795 4083 mais les huõ se drecierent toz dis
2733 4041 3739 4180 l i camps sera. ⁊ fors. ⁊ arramis
2738 4120 3753 4353 d euant lautel fu.h̾. en crois mis
2724 4204 3665 4450 d ieu reclama le roi de paradis
4680 633 5602 838 h e: diex diex dist .h̾. qui onq̃s ne mẽtis
4648 726 5411 893 s i uraiem̃t sire com tu nasquis
4659 800 5420 977 e n bethleem ce nous dist li escris
4647 856 5292 1042 d e la pucele royne genitris
4601 893 5374 1136 i l ni ot feme por ur̃e cors seruir
4601 968 5453 1219 f ors une dame qui mout ot cler le uis
4731 1047 5463 1303 [hõnes]tasse ot non ce mest auis
4531 1205 4736 1331 s ain[te]
4504 1226 5351 1381 n ot en main de leure que nasqui
4507 1350 5454 1449 a ses moignons diex fustes recuellis
4504 1415 5354 1520 l ues que uoꝰ tint miracles ifesis
4491 1489 5475 1589 t antost ot mains.⁊ lons.dois ⁊ traitis
4479 1564 5286 1663 q; des .iii. rois sire fustes requis
4452 1606 5332 1750 l i fel herodes en ot le cuer mari
4454 1685 5413 1831 q nͣt les nouueles de uo cors entendi
4442 1759 5311 1905 s es sergans fist aler par le pais
4405 1815 5383 1988 t ous les enfans de .ii. ans. ⁊ demi
4396 1871 5290 2057 f ist decoler ce nous dist li escris
4401 1932 5318 2141 q uil uꝰ cuidoit o els ainsi mordrir
4353 2001 4454 2076 M
4354 2113 5472 2323 [ais] de ses mains uous seustes garir
4386 2219 5395 2377 t rente deus ans alas par le pais
4363 2304 5304 2448 o uous ot sire aposteles beneys
4377 2388 5262 2526 .i. en iot qui toz iors uous hay̾
4365 2467 5318 2602 i udas ot non li traytres faillis
4391 2546 5481 2681 s i uous uendi biaus dous sire as iuys
4377 2625 5430 2746 q; puis si fustes lasus en la crois mis
4363 2709 5346 2812 e t de la lance si uous feri longis
4382 2784 5407 2895 l a rechus mort au ior du uenredi
4387 2863 5463 2975 s ire ce fu por nous. ce ne fu pas porti
4368 2937 5444 3049 a utier ior fustes come diex surrexis
4377 3012 5477 3133 a u iour dascention fustes esuanuis
4377 3091 5588 3212 a u ior de penthecouste loruint li.s̾. espirs
4354 3138 5486 3287 i ssi uraiem̃t sire cõ cest uoirs q̃ ie di
4359 3235 5379 3361 q; q̃ iel croi loiaum̃t sans mentir
4377 3319 5439 3449 s igarissies mõ cors par uo plaisir
4377 3389 5346 3529 q ue ie ne soie mates ne desconfis
4363 3459 5565 3598 q; q̃ puisso cõquerre le cuiuert amauri
4363 3519 5453 3696 s i uraiement biaus peres ihũ cris
4363 3598 5546 3864 q ue ie nai coupes el meffait cõme dist
4387 3733 5467 3938 a tant se lieue huelins li meschins
4401 3799 5565 4022 l e signe de lacrois a fait en mi son uis
4424 3887 5546 4106 e n estant se leua li damoisiaus de pris
4429 3976 5570 4176 p uis abaisiet lautel ⁊ soffrande sus mist
4461 4069 5360 4232 q; apres se leua li cuiu̾s amauris
4471 4143 5463 4306 q; par desus lautel fu aportes li uins
4480 4222 5383 4418 l a se desiume li courtois huelins
2202 4679 2496 4963 .III.
2566 4734 2664 4953 .i.
5668 642 6618 824 d e lautre part desiu na amauris
5668 797 6754 900 d esus lautel saint pierre ce mest uis
5646 865 6686 983 q nͣt ont mengie asses. ⁊ parloisir̾
5646 940 6798 1073 d u moustier issent ambedoi ce mest uis
5646 1036 6562 1142 p remiers issi li cortois huelins
5616 1098 6660 1224 s ouent reclaime le roi de paradis
5618 1201 6472 1297 a pres issi li cuiu̾s amauris
5628 1275 6581 1387 a ins nenclina autel ne crucefis
5624 1347 6646 1465 o n les ramaine sus el palais uoltis
5628 1437 6612 1539 p res de huon li frans abes se tint
5621 1517 6491 1607 q; ausi fist dus Naỹ. li flouris
5618 1592 6668 1682 Et li haut home qui furent feruesti
5618 1663 6562 1772 d e lautre part sen issi amauris
5618 1735 6556 1837 s i le cõuoie godefrois.⁊ henris
5615 1818 6574 1924 q; ses lignages de cui il fu goys
5612 1893 6658 2002 q ui de diu soit ⁊ de ses sains hõnis
5612 1970 6779 2085 m aint mal ont fait uolent̾s nõ enuis
5615 2054 6466 2160 q; traytor dusques a xxx ui
5618 2110 6823 2234 e l palais entrent ou furent li marchis
5621 2202 6641 2332 l i rois les uoit ses a araison mis
5637 2296 6649 2408 b aron dist .k̶.par le cors .s̾. denis
5615 2377 6587 2486 a les uoͦ tost armer et fer uestir
5626 2444 6701 2565 c ar par celui qui en la crois fu mis
5607 2518 6706 2644 a ins q̃ mes filz soit en terre enfois
5630 2597 6790 2709 i ert li uns diaus. mates ⁊ desconfis
5626 2677 6720 2798 q; dix de gloire en laist le droit ueir
5616 2751 6837 2872 a dont sadoubent. ⁊ont lor cors garni
5626 2835 6720 2965 h ues sarma li damoisiaus de pris
5626 2886 6986 3040 c anche unes cauches blances cõ flors de lis
5626 2998 6664 3133 e t uest lauberc q̃ li dõna seuins
5616 3068 6809 3203 q; chaint lespee dont li pons fu burnis
5612 3161 6706 3287 q; dautre part sadouba amauris
5612 3240 6757 3356 q ñt sont arme ambedoi li meschin
5621 3310 6687 3445 l es sains fist on aporter: uenir
5621 3394 6757 3529 q ui les pariure ne puet de lan issir
5626 3463 6576 3589 q ui iuerra li barnages a dit.
5630 3543 6580 3678 c il qui apele dist Na̾ li floris
5640 3637 6689 3749 d ont iurrai ie sire dist amauris
5640 3710 6795 3841 l es sains mist ou par desus .ii. tapis
5631 3805 6664 3910 q; amauris si sest a genous mis
5643 3886 6590 4010 e n haut parole si q̃ bñ fu oys
5649 3910 6818 4092 i e sui qui iure par les sains q̃ dix fist
5646 4047 6882 4149 s our tous les sains qui sont en paradis
5634 4128 6891 4249 q uil ne me puissent hui en cest ior hõnir
5640 4199 6739 4367 q ue bñ sot hues de bourdele la c[h]it
4815 4679 5039 4870 51 d
4957 4848 5028 4969 9
6995 200 7260 456 CCCU
7139 471 7307 595 305
2817 4748 3190 4907 e: dix dist.h̾
