<?xml version="1.0" encoding="UTF-8"  standalone="yes"?>
<PcGts xmlns="http://schema.primaresearch.org/PAGE/gts/pagecontent/2019-07-15" xmlns:xsi="http://www.w3.org/2001/XMLSchema-instance" xsi:schemaLocation="http://schema.primaresearch.org/PAGE/gts/pagecontent/2019-07-15 http://schema.primaresearch.org/PAGE/gts/pagecontent/2019-07-15/pagecontent.xsd">
  <Metadata>
	<Creator>escriptorium</Creator>
	<Created>2023-11-16T15:12:28.450824+00:00</Created>
        <LastChange>2023-11-16T15:12:28.450859+00:00</LastChange>

  </Metadata>
  <Page imageFilename="IT-TO0265_MSL_II_14_Tome_03_0113.jpg" imageWidth="7723" imageHeight="5466">

    
    <TextRegion id="eSc_textblock_bbd0493b"  custom="structure {type:MainZone#1;}">
      <Coords points="1118,607 1049,2539 980,4184 1567,4253 2050,4230 2069,3839 2196,3748 2197,3739 2198,2508 2238,1895 2177,584"/>
      
      
      <TextLine id="eSc_line_359fc31d" >
        <Coords points="1211,586 1190,592 1181,601 1184,652 1184,683 2138,668 2138,634 2134,592 2077,564 2074,564 2071,564 2068,564 2065,564 2065,567 2037,592 1998,592 1943,558 1940,558 1937,558 1934,558 1931,558 1810,595 1706,567 1703,567 1700,567 1697,567 1694,567 1639,601 1564,601 1494,567 1491,567 1348,567 1345,567 1342,567 1339,567 1290,607 1248,607 1223,583 1223,580 1211,586"/>
        <Baseline points="1184,652 2138,634"/>
        <TextEquiv>
          <Unicode>p uis manda gent contre yde cheuaucha</Unicode>
        </TextEquiv>
      </TextLine>

      
      
      <TextLine id="eSc_line_aa11bcd0" >
        <Coords points="1154,710 1154,750 2134,734 2134,695 2125,652 1151,661 1154,710"/>
        <Baseline points="1154,710 1509,716 2134,695"/>
        <TextEquiv>
          <Unicode>d eus tans de gens qͥdes nauoit mena</Unicode>
        </TextEquiv>
      </TextLine>

      
      
      <TextLine id="eSc_line_50b3e911" >
        <Coords points="1161,778 1161,815 2045,810 2050,765 2036,715 1157,719 1161,778"/>
        <Baseline points="1166,780 2053,766"/>
        <TextEquiv>
          <Unicode>m ais ains p᷑ cou ides ne lendouta</Unicode>
        </TextEquiv>
      </TextLine>

      
      
      <TextLine id="eSc_line_72300700" >
        <Coords points="1134,842 1129,883 2150,883 2155,851 2155,788 1134,778 1134,842"/>
        <Baseline points="1137,843 2159,853"/>
        <TextEquiv>
          <Unicode>p our cou q̃ en mal le besomgne pẽsa</Unicode>
        </TextEquiv>
      </TextLine>

      
      
      <TextLine id="eSc_line_992b455e" >
        <Coords points="1125,920 1120,951 1931,956 1941,924 1936,860 1125,856 1125,920"/>
        <Baseline points="1128,922 1942,926"/>
        <TextEquiv>
          <Unicode>a laiue Ih̾ucrist qui maida</Unicode>
        </TextEquiv>
      </TextLine>

      
      
      <TextLine id="eSc_line_3a0c74e6" >
        <Coords points="1088,1002 1084,1029 1230,1056 1234,1061 2077,1061 2082,1006 2082,947 1088,942 1088,1002"/>
        <Baseline points="1091,1004 2086,1008"/>
        <TextEquiv>
          <Unicode>⁊ le pooir q̃ auberons me donna</Unicode>
        </TextEquiv>
      </TextLine>

      
      
      <TextLine id="eSc_line_9a658dcb" >
        <Coords points="1129,1079 1125,1111 2054,1111 2059,1084 2054,1024 1129,1006 1129,1079"/>
        <Baseline points="1134,1083 2062,1087"/>
        <TextEquiv>
          <Unicode>l e pais enfis desiier retourna</Unicode>
        </TextEquiv>
      </TextLine>

      
      
      <TextLine id="eSc_line_0328ee03" >
        <Coords points="1125,1147 1120,1193 1954,1202 1963,1170 1959,1102 1125,1084 1125,1147"/>
        <Baseline points="1129,1150 1966,1171"/>
        <TextEquiv>
          <Unicode>e nson pais ⁊ ides demoura</Unicode>
        </TextEquiv>
      </TextLine>

      
      
      <TextLine id="eSc_line_1964284c" >
        <Coords points="1132,1229 1129,1266 2013,1275 2019,1241 2013,1178 1132,1178 1132,1229"/>
        <Baseline points="1132,1229 2019,1241"/>
        <TextEquiv>
          <Unicode>e n arragon le pais maintẽra</Unicode>
        </TextEquiv>
      </TextLine>

      
      
      <TextLine id="eSc_line_94e79135" >
        <Coords points="1116,1307 1111,1352 2105,1357 2114,1320 2114,1266 1116,1252 1116,1307"/>
        <Baseline points="1119,1311 2117,1325"/>
        <TextEquiv>
          <Unicode>s ires en iert tant ꝯme il uiuera</Unicode>
        </TextEquiv>
      </TextLine>

      
      
      <TextLine id="eSc_line_39d5121e" >
        <Coords points="1093,1389 1088,1421 2045,1443 2054,1402 2050,1343 1093,1330 1093,1389"/>
        <Baseline points="1097,1390 2059,1405"/>
        <TextEquiv conf="0.983335872491201">
          <Unicode>h ues apres ces mos li recorda</Unicode>
        </TextEquiv>
      </TextLine>

      
      
      <TextLine id="eSc_line_30c17a6f" >
        <Coords points="1116,1466 1111,1498 2105,1521 2114,1475 2109,1416 1116,1398 1116,1466"/>
        <Baseline points="1119,1469 2118,1480"/>
        <TextEquiv>
          <Unicode>l es occoisons p᷑ quoi tant detria</Unicode>
        </TextEquiv>
      </TextLine>

      
      
      <TextLine id="eSc_line_87ade934" >
        <Coords points="1111,1544 1107,1585 2105,1607 2114,1557 2109,1489 1111,1484 1111,1544"/>
        <Baseline points="1116,1548 2118,1559"/>
        <TextEquiv>
          <Unicode>qͥ l abordiaus plus tost ne repaira</Unicode>
        </TextEquiv>
      </TextLine>

      
      
      <TextLine id="eSc_line_81ed2002" >
        <Coords points="1117,1627 1114,1667 2174,1676 2180,1645 2180,1591 1117,1566 1117,1627"/>
        <Baseline points="1117,1627 2180,1645"/>
        <TextEquiv>
          <Unicode>l i quens bernars uolent̾s lescouta</Unicode>
        </TextEquiv>
      </TextLine>

      
      
      <TextLine id="eSc_line_b47d12a8" >
        <Coords points="1116,1712 1111,1744 2127,1762 2136,1721 2132,1658 1116,1639 1116,1712"/>
        <Baseline points="1118,1713 2137,1724"/>
        <TextEquiv conf="0.946611146773061">
          <Unicode>h ues apres conte ainmeri manda</Unicode>
        </TextEquiv>
      </TextLine>

      
      
      <TextLine id="eSc_line_60f11ec1" >
        <Coords points="1243,1717 1198,1717 1152,1717 1148,1712 1107,1712 1107,1781 1102,1822 2127,1840 2136,1803 2136,1740 1275,1717 1243,1717"/>
        <Baseline points="1111,1782 2137,1805"/>
        <TextEquiv>
          <Unicode>⁊ de monflour godin pas noublia</Unicode>
        </TextEquiv>
      </TextLine>

      
      
      <TextLine id="eSc_line_7f4bf30f" >
        <Coords points="1098,1862 1093,1903 2209,1931 2218,1885 2214,1817 1098,1794 1098,1862"/>
        <Baseline points="1100,1867 2220,1888"/>
        <TextEquiv conf="0.980634267392911">
          <Unicode>d roit abordiaus sa gnͣt gent assanbla</Unicode>
        </TextEquiv>
      </TextLine>

      
      
      <TextLine id="eSc_line_28875e3c" >
        <Coords points="1084,1944 1079,1976 2091,2017 2100,1967 2095,1908 1084,1885 1084,1944"/>
        <Baseline points="1088,1946 2103,1971"/>
        <TextEquiv>
          <Unicode>o nq̃s nus hom tel feste nesgarda</Unicode>
        </TextEquiv>
      </TextLine>

      
      
      <TextLine id="eSc_line_e6af4aee" >
        <Coords points="1084,2036 1079,2072 2013,2081 2023,2045 2018,1981 1084,1972 1084,2036"/>
        <Baseline points="1086,2037 2025,2046"/>
        <TextEquiv>
          <Unicode>ꝯ fu faite ne iamais ne fera</Unicode>
        </TextEquiv>
      </TextLine>

      
      
      <TextLine id="eSc_line_abc0090c" >
        <Coords points="1088,2108 1084,2154 2064,2177 2073,2136 2073,2063 1088,2040 1088,2108"/>
        <Baseline points="1093,2113 1169,2113 1205,2116 2076,2140"/>
        <TextEquiv>
          <Unicode>.i. iour auint q̃ rois hues duma</Unicode>
        </TextEquiv>
      </TextLine>

      
      
      <TextLine id="eSc_line_8fcf68db" >
        <Coords points="1084,2195 1079,2236 2064,2259 2073,2222 2073,2145 1084,2122 1084,2195"/>
        <Baseline points="1085,2196 2076,2223"/>
        <TextEquiv>
          <Unicode>e sclarmonde sa moullier sescria</Unicode>
        </TextEquiv>
      </TextLine>

      
      
      <TextLine id="eSc_line_e12d5852" >
        <Coords points="1087,2271 1084,2307 2168,2341 2174,2304 2174,2259 1974,2234 1970,2234 1709,2238 1533,2238 1506,2228 1485,2219 1482,2219 1479,2219 1475,2219 1457,2225 1430,2234 1387,2222 1366,2216 1363,2216 1360,2216 1357,2216 1354,2216 1348,2219 1327,2231 1187,2231 1087,2210 1087,2271"/>
        <Baseline points="1087,2271 2174,2304"/>
        <TextEquiv>
          <Unicode>a inmi ainmi car denfant trauella</Unicode>
        </TextEquiv>
      </TextLine>

      
      
      <TextLine id="eSc_line_d9bb32f8" >
        <Coords points="1093,2350 1088,2386 2041,2414 2050,2373 2045,2313 1093,2291 1093,2350"/>
        <Baseline points="1096,2353 2053,2374"/>
        <TextEquiv>
          <Unicode>e nsa cambre rois hues lenporta</Unicode>
        </TextEquiv>
      </TextLine>

      
      
      <TextLine id="eSc_line_3d2a0b99" >
        <Coords points="1088,2436 1084,2477 2041,2496 2050,2459 2045,2395 1088,2359 1088,2436"/>
        <Baseline points="1093,2438 2053,2462"/>
        <TextEquiv>
          <Unicode>l a dame la dun bel fil sa coucha</Unicode>
        </TextEquiv>
      </TextLine>

      
      
      <TextLine id="eSc_line_63f50934" >
        <Coords points="1084,2505 1079,2541 2146,2582 2155,2541 2150,2482 1084,2446 1084,2505"/>
        <Baseline points="1087,2508 2156,2546"/>
        <TextEquiv>
          <Unicode>qͥ de ualour tout le mont surmõta</Unicode>
        </TextEquiv>
      </TextLine>

      
      
      <TextLine id="eSc_line_11e76cff" >
        <Coords points="1079,2591 1075,2641 1325,2678 1330,2678 1941,2673 1945,2623 1945,2555 1079,2514 1079,2591"/>
        <Baseline points="1082,2592 1946,2624"/>
        <TextEquiv>
          <Unicode>d e cestui chi lestoire uꝰ dira</Unicode>
        </TextEquiv>
      </TextLine>

      
      
      <TextLine id="eSc_line_ec3e0d34" >
        <Coords points="1184,3653 1180,3707 2164,3739 2173,3698 2173,3639 1184,3589 1184,3653"/>
        <Baseline points="1189,3656 2174,3701"/>
        <TextEquiv>
          <Unicode>our lamour dieu segneur or escoutez</Unicode>
        </TextEquiv>
      </TextLine>

      
      
      <TextLine id="eSc_line_10568c60" >
        <Coords points="1180,3748 1175,3794 1904,3807 1913,3762 1909,3703 1180,3675 1180,3748"/>
        <Baseline points="1181,3753 1915,3766"/>
        <TextEquiv>
          <Unicode>du roi huon oi aues asses</Unicode>
        </TextEquiv>
      </TextLine>

      
      
      <TextLine id="eSc_line_5bce0bf8" >
        <Coords points="1052,3821 1047,3844 1061,3862 2027,3889 2036,3858 2036,3794 1052,3753 1052,3821"/>
        <Baseline points="1057,3823 2040,3859"/>
        <TextEquiv>
          <Unicode>ꝯ ment il fu au roi .kł. meslez</Unicode>
        </TextEquiv>
      </TextLine>

      
      
      <TextLine id="eSc_line_636f3fd2" custom="structure {type:DropCapitalLine;}">
        <Coords points="943,3868 1070,3879 1053,3781 1181,3772 1178,3601 1003,3596 947,3844"/>
        <Baseline points="950,3846 1073,3854"/>
        <TextEquiv>
          <Unicode>P</Unicode>
        </TextEquiv>
      </TextLine>

      
      
      <TextLine id="eSc_line_a368ddfe" >
        <Coords points="1038,3853 1038,3899 1034,3926 1963,3962 1972,3926 1968,3862 1057,3839 1038,3853"/>
        <Baseline points="1042,3900 1973,3928"/>
        <TextEquiv>
          <Unicode>⁊ a bordiaus ꝑ traison mandes</Unicode>
        </TextEquiv>
      </TextLine>

      
      
      <TextLine id="eSc_line_cceaca1f" >
        <Coords points="1029,3985 1025,4017 1963,4053 1972,4012 1972,3944 1029,3917 1029,3985"/>
        <Baseline points="1032,3986 1973,4013"/>
        <TextEquiv>
          <Unicode>ꝯ mẽt charlos refu de lui tuez</Unicode>
        </TextEquiv>
      </TextLine>

      
      
      <TextLine id="eSc_line_35172cb9" >
        <Coords points="1038,4053 1034,4085 1972,4135 1982,4085 1977,4026 1038,3990 1038,4053"/>
        <Baseline points="1040,4056 1986,4087"/>
        <TextEquiv>
          <Unicode>⁊ ꝯmẽt .kł. fu pour son fil ires</Unicode>
        </TextEquiv>
      </TextLine>

      
      
      <TextLine id="eSc_line_b517ebe3" >
        <Coords points="1066,4058 1061,4053 1020,4053 1020,4131 1016,4176 1453,4222 1458,4222 1849,4217 1877,4240 1881,4240 1886,4240 1890,4240 1991,4217 1995,4172 1991,4108 1098,4058 1066,4058"/>
        <Baseline points="1024,4132 1998,4175"/>
        <TextEquiv>
          <Unicode>h ues endeut estre a mort luirez</Unicode>
        </TextEquiv>
      </TextLine>

      
    </TextRegion>
    
    <TextRegion id="eSc_textblock_eea7a5f3"  custom="structure {type:MainZone#2;}">
      <Coords points="2251,577 2322,1694 2243,4259 3386,4497 3555,3832 3510,2783 3633,2009 3508,1188 3333,496 2718,500"/>
      
      
      <TextLine id="eSc_line_70e0f8ad" >
        <Coords points="3235,496 3225,496 3102,523 2970,496 2961,496 2916,496 2870,496 2824,496 2779,496 2733,496 2688,501 2642,510 2597,519 2551,523 2505,532 2469,537 2460,601 2455,628 3080,669 3084,669 3257,646 3262,614 3248,496 3235,496"/>
        <Baseline points="2462,604 2961,625 3266,616"/>
        <TextEquiv>
          <Unicode>i laues bien les grandes pouretes</Unicode>
        </TextEquiv>
      </TextLine>

      
      
      <TextLine id="eSc_line_3b76efed" >
        <Coords points="2537,678 2492,678 2464,678 2428,696 2310,669 2314,760 2314,783 3207,774 3212,737 3198,683 2560,687 2542,678 2537,678"/>
        <Baseline points="2318,761 3216,740"/>
        <TextEquiv>
          <Unicode>⁊ bien saues ꝯment fu marees</Unicode>
        </TextEquiv>
      </TextLine>

      
      
      <TextLine id="eSc_line_3feabc92" >
        <Coords points="3244,797 3198,797 3152,801 3107,801 3061,801 3016,806 2970,806 2925,806 2879,810 2843,810 2815,810 2788,815 2765,815 2332,838 2341,915 2341,942 3367,888 3367,856 3358,778 3244,783 3244,797"/>
        <Baseline points="2343,916 2748,892 3258,859 3370,859"/>
        <TextEquiv>
          <Unicode>ꝯ ment gerars qui estoit ses maumez</Unicode>
        </TextEquiv>
      </TextLine>

      
      
      <TextLine id="eSc_line_1a71a307" >
        <Coords points="3111,1011 3066,1015 3020,1020 2975,1024 2929,1029 2884,1033 2843,1033 2341,1088 2351,1156 2351,1197 3312,1097 3312,1052 3298,988 3134,1002 3111,1011"/>
        <Baseline points="2355,1157 2766,1126 3109,1084 3125,1078 3313,1056"/>
        <TextEquiv>
          <Unicode>q nͣt lengeta auberons li faes</Unicode>
        </TextEquiv>
      </TextLine>

      
      
      <TextLine id="eSc_line_1f870229" >
        <Coords points="3089,1170 3057,1170 3020,1202 2619,1238 2487,1225 2483,1225 2478,1225 2474,1225 2433,1257 2369,1234 2373,1316 2373,1352 3362,1243 3362,1207 3348,1129 3093,1152 3089,1170"/>
        <Baseline points="2377,1320 2970,1272 3249,1214 3367,1208"/>
        <TextEquiv>
          <Unicode>⁊ saues bien ꝯment il ot ouure</Unicode>
        </TextEquiv>
      </TextLine>

      
      
      <TextLine id="eSc_line_b5f2ffe0" >
        <Coords points="2988,1266 2943,1275 2897,1279 2884,1279 2629,1316 2355,1316 2364,1398 2364,1430 3029,1384 3412,1316 3412,1270 3399,1207 3002,1261 2988,1266"/>
        <Baseline points="2367,1402 3027,1345 3413,1271"/>
        <TextEquiv>
          <Unicode>ꝯ me auberons li donna son regne</Unicode>
        </TextEquiv>
      </TextLine>

      
      
      <TextLine id="eSc_line_3371d1c7" >
        <Coords points="2351,1585 2346,1612 2446,1603 2492,1626 2496,1626 2501,1626 2505,1626 2660,1617 3303,1671 3312,1639 3312,1530 2355,1484 2351,1585"/>
        <Baseline points="2355,1587 2769,1588 3317,1642"/>
        <TextEquiv>
          <Unicode>ꝯ mẽt sa fille fu ꝑlui mariee</Unicode>
        </TextEquiv>
      </TextLine>

      
      
      <TextLine id="eSc_line_3da2b2ab" >
        <Coords points="2369,1658 2364,1676 3503,1767 3544,1771 3544,1667 2824,1594 2369,1594 2369,1658"/>
        <Baseline points="2370,1662 3027,1679 3361,1725 3548,1772"/>
        <TextEquiv>
          <Unicode>t restoꝰ ses fais ne uuel pas recorder</Unicode>
        </TextEquiv>
      </TextLine>

      
      
      <TextLine id="eSc_line_4c10e27e" >
        <Coords points="2779,1671 2733,1671 2688,1667 2642,1667 2597,1667 2574,1667 2474,1676 2423,1662 2414,1662 2369,1662 2369,1740 2364,1771 3303,1817 3312,1781 3312,1712 2793,1671 2779,1671"/>
        <Baseline points="2370,1744 3313,1783"/>
        <TextEquiv>
          <Unicode>b ien les aues oi ⁊ escoutes</Unicode>
        </TextEquiv>
      </TextLine>

      
      
      <TextLine id="eSc_line_12bc1ec9" >
        <Coords points="2483,1749 2446,1744 2428,1744 2392,1744 2387,1740 2346,1740 2346,1817 2341,1881 3011,1872 3408,1913 3417,1872 3417,1799 2510,1749 2483,1749"/>
        <Baseline points="2349,1820 2784,1825 3420,1875"/>
        <TextEquiv>
          <Unicode>p uis ot .i. fill dont uꝰ dire morez</Unicode>
        </TextEquiv>
      </TextLine>

      
      
      <TextLine id="eSc_line_34e3c83a" >
        <Coords points="2546,1903 2537,1940 3567,2008 3576,1967 3576,1903 2546,1831 2546,1903"/>
        <Baseline points="2551,1907 2921,1916 3577,1968"/>
        <TextEquiv conf="0.975998694405836">
          <Unicode>egnour oes canchon de grant ualour</Unicode>
        </TextEquiv>
      </TextLine>

      
      
      <TextLine id="eSc_line_131e2c9a" custom="structure {type:DropCapitalLine;}">
        <Coords points="2341,2038 2487,2054 2492,2013 2525,1845 2355,1846 2345,1936"/>
        <Baseline points="2336,2009 2493,2017"/>
        <TextEquiv>
          <Unicode>S</Unicode>
        </TextEquiv>
      </TextLine>

      
      
      <TextLine id="eSc_line_22e26999" >
        <Coords points="2523,1982 2520,2010 3544,2064 3547,2043 3544,1985 3325,1958 3322,1958 3264,1967 3261,1967 3255,1967 3188,1946 3185,1946 2526,1925 2523,1982"/>
        <Baseline points="2523,1982 3547,2043"/>
        <TextEquiv>
          <Unicode>ele est de dieu de prouece ⁊ damour</Unicode>
        </TextEquiv>
      </TextLine>

      
      
      <TextLine id="eSc_line_e884c32c" >
        <Coords points="3394,2036 3385,2031 2496,2004 2483,2013 2437,2013 2392,2013 2346,2013 2346,2063 2341,2090 3394,2136 3403,2122 3403,2036 3394,2036"/>
        <Baseline points="2347,2064 3061,2098 3405,2125"/>
        <TextEquiv>
          <Unicode>d u roi huon oi aues maint iour</Unicode>
        </TextEquiv>
      </TextLine>

      
      
      <TextLine id="eSc_line_0fdc7a9b" >
        <Coords points="3376,2122 3330,2118 3285,2118 3239,2113 3207,2108 2474,2081 2419,2067 2378,2067 2364,2054 2328,2045 2328,2140 2323,2181 3508,2250 3517,2218 3517,2122 3376,2113 3376,2122"/>
        <Baseline points="2329,2143 3522,2220"/>
        <TextEquiv>
          <Unicode>b ons uassaus fu si uaiuqͥ maint estour</Unicode>
        </TextEquiv>
      </TextLine>

      
      
      <TextLine id="eSc_line_05ea0b44" >
        <Coords points="3467,2218 3435,2213 3403,2213 3376,2213 3348,2209 2328,2163 2328,2231 2323,2259 3494,2323 3503,2295 3503,2218 3467,2218"/>
        <Baseline points="2329,2234 3505,2298"/>
        <TextEquiv conf="0.987726143664784">
          <Unicode>s i ot moullier el monde uot mellour</Unicode>
        </TextEquiv>
      </TextLine>

      
      
      <TextLine id="eSc_line_6e0a6efc" >
        <Coords points="3471,2295 3426,2295 3380,2291 3335,2291 3289,2286 3244,2282 3198,2282 3152,2277 3107,2277 3061,2272 3016,2272 2970,2268 2925,2268 2879,2263 2834,2263 2788,2259 2742,2254 2697,2254 2651,2250 2606,2250 2560,2245 2515,2245 2469,2241 2423,2241 2378,2236 2332,2236 2332,2309 2328,2332 3471,2386 3481,2368 3481,2295 3471,2295"/>
        <Baseline points="2335,2310 3483,2373"/>
        <TextEquiv>
          <Unicode>p uis q̃ rois .kł. li ot rendu sonnor</Unicode>
        </TextEquiv>
      </TextLine>

      
      
      <TextLine id="eSc_line_18f85433" >
        <Coords points="2332,2391 2328,2423 3321,2450 3330,2418 3326,2354 2332,2313 2332,2391"/>
        <Baseline points="2335,2392 3332,2420"/>
        <TextEquiv>
          <Unicode>b ordele tint ⁊ le pais entour</Unicode>
        </TextEquiv>
      </TextLine>

      
      
      <TextLine id="eSc_line_ca198ca8" >
        <Coords points="2328,2473 2323,2500 3481,2537 3490,2505 3485,2427 2328,2409 2328,2473"/>
        <Baseline points="2332,2474 3494,2506"/>
        <TextEquiv>
          <Unicode>q̾ tout lamerẽt li grant ⁊ li manour</Unicode>
        </TextEquiv>
      </TextLine>

      
      
      <TextLine id="eSc_line_732fb04c" >
        <Coords points="3052,2496 3007,2496 2975,2491 2929,2491 2916,2491 2870,2491 2824,2491 2779,2487 2733,2487 2688,2487 2642,2482 2597,2482 2551,2482 2505,2482 2460,2477 2414,2477 2369,2477 2323,2473 2323,2546 2319,2578 3531,2632 3540,2582 3540,2514 3052,2496 3052,2496"/>
        <Baseline points="2327,2548 3544,2584"/>
        <TextEquiv>
          <Unicode>t out sen uiuant ueski puis a honnour</Unicode>
        </TextEquiv>
      </TextLine>

      
      
      <TextLine id="eSc_line_4bf872ac" >
        <Coords points="2332,2637 2328,2682 3376,2705 3385,2660 3380,2591 2332,2555 2332,2637"/>
        <Baseline points="2336,2639 3387,2664"/>
        <TextEquiv conf="0.958205450326204">
          <Unicode>o sa moullier ala fresce coulour</Unicode>
        </TextEquiv>
      </TextLine>

      
      
      <TextLine id="eSc_line_638450e0" >
        <Coords points="2341,2723 2337,2746 2610,2778 2615,2783 3380,2783 3385,2742 3380,2673 2341,2641 2341,2723"/>
        <Baseline points="2343,2724 3387,2746"/>
        <TextEquiv>
          <Unicode>d e faerie fu puis rois a toꝰ iours</Unicode>
        </TextEquiv>
      </TextLine>

      
      
      <TextLine id="eSc_line_452c6cf5" >
        <Coords points="2337,2796 2332,2855 2455,2837 3444,2883 3453,2819 3453,2760 2337,2733 2337,2796"/>
        <Baseline points="2340,2800 3456,2822"/>
        <TextEquiv>
          <Unicode>p uis ot .i. fil ce plot au creatour</Unicode>
        </TextEquiv>
      </TextLine>

      
      
      <TextLine id="eSc_line_a7c2a376" >
        <Coords points="2319,2874 2314,2906 3444,2942 3453,2901 3453,2842 2319,2819 2319,2874"/>
        <Baseline points="2321,2878 3456,2904"/>
        <TextEquiv>
          <Unicode>c ar en lui mist hardemẽt ⁊ uigour</Unicode>
        </TextEquiv>
      </TextLine>

      
      
      <TextLine id="eSc_line_c3d56a96" >
        <Coords points="2310,2960 2305,2988 3444,3029 3453,2983 3449,2915 2310,2887 2310,2960"/>
        <Baseline points="2314,2963 3456,2985"/>
        <TextEquiv>
          <Unicode>a u baptisier leuerent .iii. contour</Unicode>
        </TextEquiv>
      </TextLine>

      
      
      <TextLine id="eSc_line_ed8e9eb6" >
        <Coords points="2319,3042 2314,3070 2820,3106 2824,3106 3508,3092 3512,3065 3512,3001 2319,2974 2319,3042"/>
        <Baseline points="2321,3044 3513,3069"/>
        <TextEquiv>
          <Unicode>l i quens de blois con apelloit aufour</Unicode>
        </TextEquiv>
      </TextLine>

      
      
      <TextLine id="eSc_line_73cfa4e4" >
        <Coords points="2323,3120 2319,3152 2478,3179 2483,3179 3449,3170 3453,3133 3449,3079 2323,3051 2323,3120"/>
        <Baseline points="2325,3123 3456,3137"/>
        <TextEquiv>
          <Unicode>⁊ aumeris ⁊ godins de monflour</Unicode>
        </TextEquiv>
      </TextLine>

      
      
      <TextLine id="eSc_line_65e944fa" >
        <Coords points="2323,3197 2319,3261 3508,3261 3512,3215 3508,3152 2323,3124 2323,3197"/>
        <Baseline points="2326,3202 3513,3220"/>
        <TextEquiv>
          <Unicode>g odins ot non cis not onq̃s pauour</Unicode>
        </TextEquiv>
      </TextLine>

      
      
      <TextLine id="eSc_line_54588d2a" >
        <Coords points="2310,3279 2305,3316 3399,3347 3408,3302 3399,3243 2310,3220 2310,3279"/>
        <Baseline points="2311,3284 3158,3309 3410,3303"/>
        <TextEquiv conf="0.993795579479587">
          <Unicode>a ins ne douta roi ne empereour</Unicode>
        </TextEquiv>
      </TextLine>

      
      
      <TextLine id="eSc_line_3982cc0b" >
        <Coords points="2319,3366 2314,3398 2483,3429 2487,3429 3403,3420 3408,3375 3403,3316 2319,3297 2319,3366"/>
        <Baseline points="2320,3369 3410,3378"/>
        <TextEquiv>
          <Unicode>l estoire dist q̃ en .i .mois pascour</Unicode>
        </TextEquiv>
      </TextLine>

      
      
      <TextLine id="eSc_line_c673e327" >
        <Coords points="2314,3457 2310,3498 3403,3489 3408,3452 3399,3393 2314,3388 2314,3457"/>
        <Baseline points="2316,3460 3249,3464 3410,3455"/>
        <TextEquiv>
          <Unicode>f u baptisies aioie ⁊ abaudour</Unicode>
        </TextEquiv>
      </TextLine>

      
      
      <TextLine id="eSc_line_cea31b41" >
        <Coords points="2310,3539 2310,3584 3403,3562 3408,3525 3394,3461 2305,3484 2310,3539"/>
        <Baseline points="2313,3542 3410,3530"/>
        <TextEquiv>
          <Unicode>i cele ioie tourna puis entristour</Unicode>
        </TextEquiv>
      </TextLine>

      
      
      <TextLine id="eSc_line_f8a48f99" >
        <Coords points="2314,3616 2314,3653 3353,3675 3358,3675 3503,3648 3508,3612 3494,3543 2310,3552 2314,3616"/>
        <Baseline points="2316,3621 3510,3613"/>
        <TextEquiv>
          <Unicode>r ois yuorins .auoit un aumachour</Unicode>
        </TextEquiv>
      </TextLine>

      
      
      <TextLine id="eSc_line_838fa853" >
        <Coords points="2310,3694 2305,3730 2451,3757 2455,3757 3499,3735 3503,3698 3499,3625 2310,3621 2310,3694"/>
        <Baseline points="2313,3697 3507,3701"/>
        <TextEquiv>
          <Unicode>c huis arriua abordiaus sus la tour</Unicode>
        </TextEquiv>
      </TextLine>

      
      
      <TextLine id="eSc_line_a950b829" >
        <Coords points="2300,3776 2296,3817 3462,3817 3467,3776 3453,3712 2300,3716 2300,3776"/>
        <Baseline points="2301,3779 3088,3792 3468,3780"/>
        <TextEquiv conf="0.987045246693823">
          <Unicode>c e iour faisoit m̾uelle gnͣt calour</Unicode>
        </TextEquiv>
      </TextLine>

      
      
      <TextLine id="eSc_line_70ba0d23" >
        <Coords points="3162,3789 3116,3789 3070,3789 3025,3789 2979,3789 2934,3789 2888,3789 2843,3789 2296,3789 2300,3862 2300,3908 3330,3917 3335,3917 3522,3889 3526,3839 3517,3789 3207,3789 3162,3789"/>
        <Baseline points="2304,3867 3252,3868 3531,3844"/>
        <TextEquiv>
          <Unicode>p our le grant caut dormoiẽt li pluisour</Unicode>
        </TextEquiv>
      </TextLine>

      
      
      <TextLine id="eSc_line_ee6af513" >
        <Coords points="2300,3930 2296,3990 2560,4017 2565,4017 3467,3990 3471,3921 3458,3867 2300,3867 2300,3930"/>
        <Baseline points="2304,3934 3052,3947 3474,3923"/>
        <TextEquiv>
          <Unicode>h ors de la nef issi sans nul [demour]</Unicode>
        </TextEquiv>
      </TextLine>

      
      
      <TextLine id="eSc_line_e5ac6baf" >
        <Coords points="3453,4190 3453,4158 3193,4085 3189,4085 2296,3949 2287,4026 2278,4072 2888,4163 3444,4295 3453,4281 3471,4167 3462,4163 3453,4190"/>
        <Baseline points="2289,4031 3000,4148 3261,4217 3285,4230 3458,4286"/>
        <TextEquiv>
          <Unicode>p lus tost q pot uint el palais maiour</Unicode>
        </TextEquiv>
      </TextLine>

      
      
      <TextLine id="eSc_line_f48ba0cf" >
        <Coords points="3307,4240 3266,4222 3235,4208 2984,4172 2979,4167 2929,4135 2916,4135 2870,4126 2829,4122 2815,4117 2287,4053 2282,4108 2278,4135 3330,4340 3339,4313 3344,4245 3307,4240"/>
        <Baseline points="2283,4110 2830,4187 2863,4214 3091,4251 3109,4254 3179,4287 3343,4315"/>
        <TextEquiv>
          <Unicode>t ele oeuure fist qͥ torna a dolour</Unicode>
        </TextEquiv>
      </TextLine>

      
      
      <TextLine id="eSc_line_d56609e9" >
        <Coords points="2291,4113 2278,4195 2246,4340 2346,4359 2351,4359 2355,4359 2410,4336 2446,4377 2451,4377 2451,4381 2455,4381 2460,4381 2592,4404 2597,4404 2601,4404 2610,4400 2660,4377 2875,4413 2938,4454 2970,4477 2975,4477 2979,4477 2984,4477 2988,4477 3011,4468 3034,4459 3075,4477 3152,4509 3157,4509 3162,4509 3166,4509 3207,4500 3239,4491 3362,4523 3385,4432 3399,4336 2323,4113 2291,4113"/>
        <Baseline points="2280,4198 3000,4315 3202,4386 3388,4434"/>
        <TextEquiv>
          <Unicode>u ne chanbre a trouuee pointe a flour</Unicode>
        </TextEquiv>
      </TextLine>

      
      
      <TextLine id="eSc_line_d522c819" >
        <Coords points="3184,619 3139,619 3093,619 3048,624 3002,624 2957,624 2911,624 2865,624 2820,619 2774,619 2752,614 2364,614 2369,687 2369,710 3303,696 3303,674 3289,614 3184,614 3184,619"/>
        <Baseline points="2370,688 3307,677"/>
        <TextEquiv>
          <Unicode>souffri puis dont ce fu gams pitez</Unicode>
        </TextEquiv>
      </TextLine>

      
      
      <TextLine id="eSc_line_26c53b64" >
        <Coords points="3189,742 3143,742 3098,742 3052,742 3007,747 2961,747 2916,747 2870,747 2824,751 2779,751 2733,751 2688,751 2642,756 2597,756 2551,756 2505,756 2460,760 2414,760 2369,760 2323,760 2328,829 2328,860 3285,829 3285,792 3271,728 3193,728 3189,742"/>
        <Baseline points="2332,833 3289,795"/>
        <TextEquiv>
          <Unicode>⁊ coument fu en france retour[nes]</Unicode>
        </TextEquiv>
      </TextLine>

      
      
      <TextLine id="eSc_line_1f27f56e" >
        <Coords points="2396,915 2378,915 2305,915 2314,997 2314,1020 3330,961 3330,920 3321,860 2419,911 2396,915"/>
        <Baseline points="2318,999 3331,923"/>
        <TextEquiv>
          <Unicode>f ist en uers lui ꝯtraitres proueez</Unicode>
        </TextEquiv>
      </TextLine>

      
      
      <TextLine id="eSc_line_2d52eb7b" >
        <Coords points="2346,1074 2346,1106 3276,1015 3280,988 3271,929 2337,997 2346,1074"/>
        <Baseline points="2349,1078 2784,1047 3282,989"/>
        <TextEquiv>
          <Unicode>ꝑ sen uoloir fust hues trãines</Unicode>
        </TextEquiv>
      </TextLine>

      
      
      <TextLine id="eSc_line_99276d9c" >
        <Coords points="2380,1226 2384,1272 2487,1254 2517,1263 2551,1272 2554,1272 2557,1272 2745,1238 2766,1235 2790,1251 2794,1251 2797,1251 2800,1251 2803,1251 2900,1226 2970,1235 2973,1235 2976,1235 3109,1199 3109,1169 3100,1099 2930,1114 2927,1114 2924,1114 2879,1138 2797,1129 2794,1129 2790,1129 2787,1129 2787,1132 2784,1132 2769,1153 2374,1169 2380,1226"/>
        <Baseline points="2380,1226 2663,1217 3109,1169"/>
        <TextEquiv>
          <Unicode>kł rendi roi hue sirete</Unicode>
        </TextEquiv>
      </TextLine>

      
      
      <TextLine id="eSc_line_dfdfe413" >
        <Coords points="3125,1325 3080,1334 3034,1343 2988,1348 2943,1352 2902,1352 2588,1402 2355,1402 2364,1471 2378,1544 2419,1512 2551,1516 2642,1521 2647,1521 3440,1393 3435,1320 3367,1289 3143,1320 3125,1325"/>
        <Baseline points="2368,1475 3131,1407 3438,1325"/>
        <TextEquiv>
          <Unicode>⁊ son roiaume toute sa dignite</Unicode>
        </TextEquiv>
      </TextLine>

      
    </TextRegion>
    
    <TextRegion id="eSc_textblock_1e0b0f59"  custom="structure {type:MainZone#1;}">
      <Coords points="4220,449 3936,1969 3972,2561 3953,3580 4050,4395 5174,4233 5027,3381 5199,3210 5210,3039 5074,2838 5157,2175 5259,560"/>
      
      
      <TextLine id="eSc_line_92ce14e8" custom="structure {type:DropCapitalLine;}">
        <Coords points="4014,1544 4009,1548 4055,1557 4096,1571 4114,1576 4118,1571 4137,1484 4032,1457 4014,1544"/>
        <Baseline points="4016,1547 4119,1575"/>
        <TextEquiv>
          <Unicode>S</Unicode>
        </TextEquiv>
      </TextLine>

      
      
      <TextLine id="eSc_line_3bd7dca3" >
        <Coords points="4629,1603 4583,1598 4538,1594 4497,1585 4451,1576 4405,1566 4360,1562 4333,1548 4137,1516 4132,1566 4114,1653 5052,1794 5071,1726 5066,1676 4656,1603 4629,1603"/>
        <Baseline points="4134,1567 4234,1590 4327,1615 4501,1659 4585,1667 4732,1691 4865,1716 5072,1727"/>
        <TextEquiv>
          <Unicode>ꝯlaissa seul godin trop folement</Unicode>
        </TextEquiv>
      </TextLine>

      
      
      <TextLine id="eSc_line_ca13ba0f" >
        <Coords points="4879,1553 4834,1553 4788,1548 4743,1535 4159,1462 4159,1516 4150,1562 5052,1694 5062,1639 5062,1576 4879,1553 4879,1553"/>
        <Baseline points="4160,1518 4291,1524 4342,1557 4561,1597 5065,1642"/>
        <TextEquiv>
          <Unicode>egnour ce iour a uint si faitement</Unicode>
        </TextEquiv>
      </TextLine>

      
      
      <TextLine id="eSc_line_4d82c54b" >
        <Coords points="4000,1913 4000,1931 4378,1876 5080,1853 5084,1822 5071,1735 4729,1758 4720,1758 4551,1740 4547,1740 3991,1812 4000,1913"/>
        <Baseline points="4001,1914 4453,1837 5086,1825"/>
        <TextEquiv>
          <Unicode>[l i quen au $$$$$$] [$]oi plouret gement</Unicode>
        </TextEquiv>
      </TextLine>

      
      
      <TextLine id="eSc_line_5d1af627" >
        <Coords points="4301,1862 4255,1872 4210,1881 4164,1885 4118,1894 4077,1903 4032,1908 4027,1862 3982,1862 3991,1976 3991,1999 4419,1949 5134,1935 5134,1894 5125,1826 4342,1853 4301,1862"/>
        <Baseline points="3994,1977 4415,1907 5138,1898"/>
        <TextEquiv>
          <Unicode>a lui sen uint entre ses bras le prent</Unicode>
        </TextEquiv>
      </TextLine>

      
      
      <TextLine id="eSc_line_a286c811" >
        <Coords points="4169,1949 4123,1954 4077,1963 4032,1972 3991,1976 3995,2058 3995,2077 4410,2026 5130,2008 5134,1976 5130,1908 4574,1908 4570,1908 4173,1944 4169,1949"/>
        <Baseline points="4000,2059 4406,1992 5138,1980"/>
        <TextEquiv>
          <Unicode>l enfes godins li rist mlt̾ douchement</Unicode>
        </TextEquiv>
      </TextLine>

      
      
      <TextLine id="eSc_line_079b60d8" >
        <Coords points="4310,2008 4264,2017 4219,2022 4173,2031 4128,2040 4082,2045 4041,2054 3995,2058 4000,2127 4005,2159 4055,2131 5071,2077 5075,2067 5066,1990 4333,1999 4310,2008"/>
        <Baseline points="4003,2129 4561,2067 5076,2071"/>
        <TextEquiv>
          <Unicode>l i aumachours ouura hardiement</Unicode>
        </TextEquiv>
      </TextLine>

      
      
      <TextLine id="eSc_line_9d2f4b96" >
        <Coords points="4219,2104 4173,2108 4132,2113 4087,2118 4041,2122 3995,2127 4000,2204 4000,2236 4638,2186 5134,2186 5134,2149 5125,2067 4219,2099 4219,2104"/>
        <Baseline points="4003,2205 4597,2149 5138,2152"/>
        <TextEquiv>
          <Unicode>p lus tost qͥ pot hors du palais descent</Unicode>
        </TextEquiv>
      </TextLine>

      
      
      <TextLine id="eSc_line_2246ad11" >
        <Coords points="4647,2149 4064,2200 4036,2204 4032,2200 3991,2204 3995,2277 3995,2295 5071,2259 5071,2231 5066,2154 4652,2149 4647,2149"/>
        <Baseline points="3997,2281 4646,2231 5074,2236"/>
        <TextEquiv>
          <Unicode>a mahõmet sen diu gnͣt grasce rent</Unicode>
        </TextEquiv>
      </TextLine>

      
      
      <TextLine id="eSc_line_b03cd520" >
        <Coords points="4219,2263 4200,2263 4164,2263 4128,2268 4082,2272 4036,2277 3991,2277 3995,2341 3995,2368 5075,2350 5075,2309 5066,2245 4219,2259 4219,2263"/>
        <Baseline points="3997,2345 4400,2310 5076,2313"/>
        <TextEquiv>
          <Unicode>q uant ili a fait trouuez tel present</Unicode>
        </TextEquiv>
      </TextLine>

      
      
      <TextLine id="eSc_line_2080674e" >
        <Coords points="4957,2313 4911,2313 4866,2313 4000,2341 4005,2418 4005,2459 5002,2423 5002,2391 4993,2313 4957,2313"/>
        <Baseline points="4006,2421 4594,2389 5004,2392"/>
        <TextEquiv>
          <Unicode>d usq̃ ala nef ni fist arestement</Unicode>
        </TextEquiv>
      </TextLine>

      
      
      <TextLine id="eSc_line_879d6abe" >
        <Coords points="4219,2409 4173,2409 4128,2414 4082,2418 4036,2418 4027,2405 3991,2405 3995,2491 3995,2528 5134,2500 5134,2464 5121,2400 4237,2405 4219,2409"/>
        <Baseline points="4000,2493 5138,2466"/>
        <TextEquiv>
          <Unicode>e ns est entres illuec trouua sa gent</Unicode>
        </TextEquiv>
      </TextLine>

      
      
      <TextLine id="eSc_line_e84887b4" >
        <Coords points="4169,2491 4123,2491 4077,2491 4032,2491 4027,2487 3986,2487 3991,2555 3991,2600 5103,2573 5107,2546 5093,2482 4182,2487 4169,2491"/>
        <Baseline points="3993,2559 5110,2550"/>
        <TextEquiv conf="0.970043675388609">
          <Unicode>s egnour dist il or nagons durement</Unicode>
        </TextEquiv>
      </TextLine>

      
      
      <TextLine id="eSc_line_5981949b" >
        <Coords points="3995,2632 3995,2664 5016,2669 5025,2628 5011,2564 3991,2564 3995,2632"/>
        <Baseline points="3998,2634 5027,2629"/>
        <TextEquiv conf="0.992106991655686">
          <Unicode>e sclarmonde la roine au cors gent</Unicode>
        </TextEquiv>
      </TextLine>

      
      
      <TextLine id="eSc_line_7c526c5d" >
        <Coords points="4993,2632 4948,2632 4902,2632 4857,2632 4811,2632 4765,2632 4720,2632 4674,2632 4629,2632 4583,2632 4538,2632 4492,2632 4446,2632 4401,2632 4355,2632 4310,2632 4264,2632 4219,2632 4173,2632 4128,2632 4082,2632 4036,2632 3991,2632 3991,2705 3986,2746 5011,2751 5021,2710 5016,2632 4993,2632"/>
        <Baseline points="3992,2710 5022,2713"/>
        <TextEquiv>
          <Unicode>⁊ li rois hues anqui seront dolant</Unicode>
        </TextEquiv>
      </TextLine>

      
      
      <TextLine id="eSc_line_a630b18c" >
        <Coords points="4223,2710 4178,2710 4132,2710 4087,2710 4041,2710 3995,2710 3995,2764 3991,2801 4984,2828 4993,2783 4989,2723 4241,2710 4223,2710"/>
        <Baseline points="3999,2769 4997,2786"/>
        <TextEquiv>
          <Unicode>u. eschi lor fil baron alons noꝰ ent</Unicode>
        </TextEquiv>
      </TextLine>

      
      
      <TextLine id="eSc_line_8a8a9b41" >
        <Coords points="3991,2842 3986,2874 5016,2915 5025,2865 5021,2792 3991,2783 3991,2842"/>
        <Baseline points="3992,2844 5030,2868"/>
        <TextEquiv>
          <Unicode>c il li ont dit noꝰ ferons uo talent</Unicode>
        </TextEquiv>
      </TextLine>

      
      
      <TextLine id="eSc_line_062ab3c9" >
        <Coords points="3986,2928 3982,2965 5016,2988 5025,2942 5021,2878 3986,2865 3986,2928"/>
        <Baseline points="3989,2929 5030,2946"/>
        <TextEquiv>
          <Unicode>l eur uoiles ont leuees isnelemẽt</Unicode>
        </TextEquiv>
      </TextLine>

      
      
      <TextLine id="eSc_line_b8be0965" >
        <Coords points="3995,2997 3991,3029 5176,3083 5185,3038 5180,2978 3995,2928 3995,2997"/>
        <Baseline points="3998,3001 5187,3039"/>
        <TextEquiv>
          <Unicode>t ost ses longerent car il orent bon uent</Unicode>
        </TextEquiv>
      </TextLine>

      
      
      <TextLine id="eSc_line_58935bfb" >
        <Coords points="4009,3074 4005,3101 4196,3133 4970,3142 4980,3106 4975,3038 4009,3001 4009,3074"/>
        <Baseline points="4010,3075 4984,3111"/>
        <TextEquiv>
          <Unicode>l i sarrasin sen uont mlt̾ liemẽt</Unicode>
        </TextEquiv>
      </TextLine>

      
      
      <TextLine id="eSc_line_ad78286f" >
        <Coords points="4269,3088 4246,3083 4196,3083 4178,3083 4159,3079 4096,3079 4087,3079 4041,3079 4036,3074 4000,3074 3995,3138 3991,3188 5171,3252 5180,3202 5176,3129 4292,3088 4269,3088"/>
        <Baseline points="3997,3142 4206,3167 5181,3203"/>
        <TextEquiv>
          <Unicode>l enfant ont chier car il lor rist souuẽt</Unicode>
        </TextEquiv>
      </TextLine>

      
      
      <TextLine id="eSc_line_491a3714" >
        <Coords points="4000,3215 3995,3261 5034,3320 5043,3275 5043,3215 4000,3161 4000,3215"/>
        <Baseline points="4005,3219 4094,3225 4171,3232 4257,3249 4686,3273 5045,3277"/>
        <TextEquiv conf="0.992378410064813">
          <Unicode>a leur pooir le tiennẽt netement</Unicode>
        </TextEquiv>
      </TextLine>

      
      
      <TextLine id="eSc_line_992d707b" >
        <Coords points="4597,3270 4551,3265 4506,3261 4460,3261 4415,3256 4369,3256 4323,3252 4278,3252 4232,3247 4187,3238 4155,3229 4005,3220 4005,3279 3995,3316 4952,3398 4961,3352 4961,3297 4620,3270 4597,3270"/>
        <Baseline points="4007,3282 4597,3349 4966,3356"/>
        <TextEquiv>
          <Unicode>l i aumachour lama ꝑfaitemẽt</Unicode>
        </TextEquiv>
      </TextLine>

      
      
      <TextLine id="eSc_line_2e02b537" >
        <Coords points="4683,3352 4638,3352 4592,3352 4547,3343 4501,3338 4456,3334 4410,3329 4364,3325 4319,3320 4000,3293 4000,3352 3991,3393 4952,3475 4961,3429 4957,3375 4688,3352 4683,3352"/>
        <Baseline points="4004,3355 4558,3422 4966,3434"/>
        <TextEquiv>
          <Unicode>a uec lui ot sarrasin plus de .ẽ.</Unicode>
        </TextEquiv>
      </TextLine>

      
      
      <TextLine id="eSc_line_d948bdec" >
        <Coords points="4633,3425 4588,3425 4542,3420 4497,3416 4451,3411 4405,3407 4360,3398 4333,3393 4000,3366 3995,3420 3991,3466 4929,3557 4939,3507 4934,3448 4674,3425 4633,3425"/>
        <Baseline points="3998,3422 4464,3492 4940,3510"/>
        <TextEquiv conf="0.979552559057872">
          <Unicode>a iaus ꝑla bel ⁊ courtoisement</Unicode>
        </TextEquiv>
      </TextLine>

      
      
      <TextLine id="eSc_line_4a1c016b" >
        <Coords points="4715,3502 4670,3498 4624,3498 4579,3498 4533,3493 4487,3493 4442,3489 4396,3484 4351,3475 4310,3470 4292,3466 3995,3443 3991,3493 3982,3548 4401,3616 4952,3634 4961,3589 4957,3521 4729,3502 4715,3502"/>
        <Baseline points="3994,3498 4382,3577 4963,3593"/>
        <TextEquiv>
          <Unicode>s egnor dist il ꝑ le mien escient</Unicode>
        </TextEquiv>
      </TextLine>

      
      
      <TextLine id="eSc_line_14beb072" >
        <Coords points="3959,3621 4087,3648 4091,3648 4087,3648 4237,3680 5043,3744 5057,3684 5052,3621 4264,3571 3977,3507 3968,3557 3959,3621"/>
        <Baseline points="3973,3562 4248,3634 4546,3671 5062,3686"/>
        <TextEquiv>
          <Unicode>c es enfes iert de gnͣt entendemẽt</Unicode>
        </TextEquiv>
      </TextLine>

      
      
      <TextLine id="eSc_line_52eab269" >
        <Coords points="3977,3694 4023,3703 4068,3707 4064,3716 4351,3776 5075,3803 5084,3771 5084,3712 4251,3657 4105,3607 3986,3625 3977,3694"/>
        <Baseline points="3988,3630 4124,3665 4163,3683 4209,3701 4230,3707 4497,3744 5089,3773"/>
        <TextEquiv>
          <Unicode>r ois yu orins het sen pere forment</Unicode>
        </TextEquiv>
      </TextLine>

      
      
      <TextLine id="eSc_line_b85363b2" >
        <Coords points="4998,3771 4911,3771 4729,3776 4282,3735 4055,3666 3968,3698 3954,3798 4533,3894 5098,3903 5107,3858 5112,3794 5071,3771 5066,3771 5062,3771 5057,3771 5043,3771 4998,3771"/>
        <Baseline points="3969,3701 4099,3725 4148,3759 4285,3795 4467,3814 5112,3859"/>
        <TextEquiv>
          <Unicode>[$] echie [s] eroit sil moroit atourment</Unicode>
        </TextEquiv>
      </TextLine>

      
      
      <TextLine id="eSc_line_896d9109" >
        <Coords points="4050,4113 4055,4145 5112,3999 5107,3958 5089,3858 4451,3917 4446,3917 4278,3971 4173,3958 4169,3958 4164,3958 4032,4003 4050,4113"/>
        <Baseline points="4054,4114 4737,4014 4880,3981 5112,3960"/>
        <TextEquiv>
          <Unicode>[$] [$$$]as li tout honmage ligememet̾</Unicode>
        </TextEquiv>
      </TextLine>

      
      
      <TextLine id="eSc_line_7dec489f" >
        <Coords points="4082,4172 4087,4217 5052,4081 5048,4040 5030,3981 4073,4113 4082,4172"/>
        <Baseline points="4084,4175 4370,4145 5050,4044"/>
        <TextEquiv>
          <Unicode>p rendens sera se mahons le consent</Unicode>
        </TextEquiv>
      </TextLine>

      
      
      <TextLine id="eSc_line_0a9f85c5" >
        <Coords points="4181,4230 4184,4257 4467,4245 4470,4245 4525,4220 4528,4217 4546,4217 4913,4190 4916,4190 4919,4190 4950,4169 4953,4166 5086,4151 5086,4123 5077,4066 4172,4178 4181,4230"/>
        <Baseline points="4181,4230 4367,4224 4819,4163 4904,4138 5086,4123"/>
        <TextEquiv>
          <Unicode>l aumachours fist formẽt aprisier</Unicode>
        </TextEquiv>
      </TextLine>

      
      
      <TextLine id="eSc_line_4dc41aeb" custom="structure {type:DropCapitalLine;}">
        <Coords points="4097,4146 4060,4157 4092,4367 4197,4336 4175,4201 4123,4226"/>
        <Baseline points="4083,4319 4198,4301"/>
        <TextEquiv conf="0.993675291538239">
          <Unicode>L</Unicode>
        </TextEquiv>
      </TextLine>

      
      
      <TextLine id="eSc_line_b8b57f1e" >
        <Coords points="4510,4204 4465,4208 4419,4217 4378,4222 4333,4227 4305,4227 4196,4236 4205,4299 4223,4391 4255,4359 4319,4377 4351,4386 4355,4386 4360,4386 4519,4363 4524,4363 4529,4363 4529,4359 4547,4345 4579,4313 4647,4309 4683,4327 4711,4340 4715,4340 4720,4340 4724,4340 4729,4340 4761,4313 4797,4290 4825,4304 4857,4322 4861,4322 4866,4322 4870,4322 4875,4322 4916,4295 4929,4281 5144,4258 5139,4195 5121,4131 4519,4199 4510,4204"/>
        <Baseline points="4210,4302 4494,4287 5141,4196"/>
        <TextEquiv>
          <Unicode>seur toutes riens ot le fil huon chier</Unicode>
        </TextEquiv>
      </TextLine>

      
      
      <TextLine id="eSc_line_0d4de15b" >
        <Coords points="4055,1430 4046,1471 4264,1512 4273,1512 4273,1512 4515,1557 5052,1603 5066,1557 5062,1503 4059,1371 4055,1430"/>
        <Baseline points="4059,1433 4221,1454 4348,1481 4722,1530 4798,1551 5068,1560"/>
        <TextEquiv>
          <Unicode>l enfant oi qui demenoit gnͣt plour</Unicode>
        </TextEquiv>
      </TextLine>

      
    </TextRegion>
    
    <TextRegion id="eSc_textblock_3a39d6ed"  custom="structure {type:MainZone#2;}">
      <Coords points="5506,568 5377,1623 5378,2921 5310,4199 6512,4204 6542,4067 6614,3976 6469,3894 6515,3811 6654,3786 6651,3717 6651,3716 6507,3679 6534,3575 6585,2156 6681,1774 6671,1629 6580,1315 6632,628"/>
      
      
      <TextLine id="eSc_line_cf887e52" >
        <Coords points="5545,649 5542,674 6322,728 6325,728 6538,713 6541,686 6541,628 6447,625 6447,622 6411,592 6407,592 6404,592 6401,592 6398,592 6335,610 6277,595 6274,595 6271,595 6149,610 6022,570 6019,570 5897,564 5894,564 5545,586 5545,649"/>
        <Baseline points="5545,649 6192,683 6541,686"/>
        <TextEquiv>
          <Unicode>e nfes dist il mahons te puist aidier</Unicode>
        </TextEquiv>
      </TextLine>

      
      
      <TextLine id="eSc_line_881af505" >
        <Coords points="5417,1512 5414,1545 5764,1566 5767,1566 6459,1554 6462,1521 6462,1472 5417,1463 5417,1512"/>
        <Baseline points="5417,1512 6462,1521"/>
        <TextEquiv>
          <Unicode>m lt̾ noꝰ ama si me fist cheualier</Unicode>
        </TextEquiv>
      </TextLine>

      
      
      <TextLine id="eSc_line_b9976cd6" >
        <Coords points="5403,1603 5399,1630 6634,1639 6643,1607 6638,1535 5403,1521 5403,1603"/>
        <Baseline points="5408,1605 6644,1609"/>
        <TextEquiv>
          <Unicode>p our ce deuons son linnage auanchier</Unicode>
        </TextEquiv>
      </TextLine>

      
      
      <TextLine id="eSc_line_3df8797f" >
        <Coords points="5394,1680 5390,1708 6579,1721 6588,1685 6583,1621 5394,1612 5394,1680"/>
        <Baseline points="5399,1681 6590,1688"/>
        <TextEquiv>
          <Unicode>u eschi son hoir cis noꝰ doit uistichier</Unicode>
        </TextEquiv>
      </TextLine>

      
      
      <TextLine id="eSc_line_9759f81d" >
        <Coords points="5399,1753 5394,1781 6488,1785 6497,1758 6492,1694 5399,1689 5399,1753"/>
        <Baseline points="5402,1757 6499,1761"/>
        <TextEquiv>
          <Unicode>s egnour faisons de lui no hiretier</Unicode>
        </TextEquiv>
      </TextLine>

      
      
      <TextLine id="eSc_line_b3a6bcc8" >
        <Coords points="5412,1822 5408,1862 6661,1867 6670,1831 6670,1767 5412,1753 5412,1822"/>
        <Baseline points="5416,1825 6675,1834"/>
        <TextEquiv>
          <Unicode>t out lotrierent sans point de la targier</Unicode>
        </TextEquiv>
      </TextLine>

      
      
      <TextLine id="eSc_line_ae037558" >
        <Coords points="5399,1899 5394,1963 5750,1944 5832,1963 5864,1972 5868,1972 5873,1972 5877,1972 5900,1963 5946,1944 6132,1963 6319,1976 6324,1976 6515,1954 6520,1917 6520,1858 5399,1831 5399,1899"/>
        <Baseline points="5402,1903 6524,1918"/>
        <TextEquiv>
          <Unicode>g odins rioit qnͣt les oit desrainier</Unicode>
        </TextEquiv>
      </TextLine>

      
      
      <TextLine id="eSc_line_6e256496" >
        <Coords points="5399,1985 5394,2026 6561,2040 6570,1999 6565,1922 5399,1922 5399,1985"/>
        <Baseline points="5400,1989 6571,2001"/>
        <TextEquiv>
          <Unicode>l i aumachours les fait agenoullier</Unicode>
        </TextEquiv>
      </TextLine>

      
      
      <TextLine id="eSc_line_c9ba01a8" >
        <Coords points="5376,2067 5371,2099 6583,2108 6593,2077 6588,2022 5376,2013 5376,2067"/>
        <Baseline points="5378,2071 6596,2080"/>
        <TextEquiv conf="0.992849918636116">
          <Unicode>⁊ ꝑ honmage leur fait lenfant baisier</Unicode>
        </TextEquiv>
      </TextLine>

      
      
      <TextLine id="eSc_line_21d7359a" >
        <Coords points="5399,2154 5394,2200 6506,2195 6511,2163 6506,2086 5399,2072 5399,2154"/>
        <Baseline points="5402,2159 6514,2168"/>
        <TextEquiv>
          <Unicode>n e li faurrõt p᷑ les menbres trench̾</Unicode>
        </TextEquiv>
      </TextLine>

      
      
      <TextLine id="eSc_line_9b3a8e8e" >
        <Coords points="5399,2238 5396,2265 6459,2271 6465,2244 6462,2192 5399,2186 5399,2238"/>
        <Baseline points="5399,2238 6465,2244"/>
        <TextEquiv>
          <Unicode>c e leur a fait iurer ⁊ fianchier</Unicode>
        </TextEquiv>
      </TextLine>

      
      
      <TextLine id="eSc_line_20a37515" >
        <Coords points="5394,2313 5390,2350 6515,2359 6524,2323 6520,2245 5394,2245 5394,2313"/>
        <Baseline points="5395,2318 6529,2325"/>
        <TextEquiv>
          <Unicode>i a uꝰ weul diaus .i. petitet laissier</Unicode>
        </TextEquiv>
      </TextLine>

      
      
      <TextLine id="eSc_line_21ebd01a" >
        <Coords points="5745,660 5736,655 5672,655 5654,655 5627,651 5595,651 5563,651 5558,646 5517,646 5517,715 5513,747 6556,797 6565,751 6556,683 6369,696 5750,660 5745,660"/>
        <Baseline points="5522,719 6207,753 6568,753"/>
        <TextEquiv>
          <Unicode>l enfes li rist dont ne se pot targier</Unicode>
        </TextEquiv>
      </TextLine>

      
      
      <TextLine id="eSc_line_2b610fcf" >
        <Coords points="6228,756 6214,751 5499,728 5499,788 5494,860 6501,860 6506,819 6501,765 6251,756 6228,756"/>
        <Baseline points="5502,792 6165,822 6511,822"/>
        <TextEquiv>
          <Unicode>m lt̾ douchemẽt pͥst sa gent ahucier</Unicode>
        </TextEquiv>
      </TextLine>

      
      
      <TextLine id="eSc_line_41c62c50" >
        <Coords points="5481,879 5476,906 6552,942 6561,897 6556,838 5481,806 5481,879"/>
        <Baseline points="5482,880 6562,901"/>
        <TextEquiv>
          <Unicode>s egnour dist il or oies mon quidiez</Unicode>
        </TextEquiv>
      </TextLine>

      
      
      <TextLine id="eSc_line_9b2a3cab" >
        <Coords points="5549,883 5504,883 5499,879 5458,879 5458,956 5453,992 6401,1033 6406,1033 6588,1011 6593,983 6593,920 5581,883 5549,883"/>
        <Baseline points="5463,959 6596,986"/>
        <TextEquiv>
          <Unicode>r ois hues a mlt̾ tres france moullier</Unicode>
        </TextEquiv>
      </TextLine>

      
      
      <TextLine id="eSc_line_d52d498f" >
        <Coords points="5458,1033 5453,1061 6442,1097 6451,1056 6447,992 5458,965 5458,1033"/>
        <Baseline points="5460,1038 6456,1059"/>
        <TextEquiv>
          <Unicode>r ois uiorins qͥ tant ale cuez fier</Unicode>
        </TextEquiv>
      </TextLine>

      
      
      <TextLine id="eSc_line_62f50562" >
        <Coords points="5458,1111 5453,1156 6433,1161 6442,1134 6438,1070 5458,1047 5458,1111"/>
        <Baseline points="5460,1114 6447,1135"/>
        <TextEquiv>
          <Unicode>s es oncles est il ne le peut nier</Unicode>
        </TextEquiv>
      </TextLine>

      
      
      <TextLine id="eSc_line_080805fb" >
        <Coords points="5449,1184 5444,1234 6442,1243 6451,1207 6451,1152 5449,1129 5449,1184"/>
        <Baseline points="5451,1187 6456,1211"/>
        <TextEquiv>
          <Unicode>c ar fille fu gaudisse le guerrier</Unicode>
        </TextEquiv>
      </TextLine>

      
      
      <TextLine id="eSc_line_f3c7662a" >
        <Coords points="5463,1308 6435,1327 6441,1290 6438,1238 6174,1217 6171,1217 6168,1217 6128,1226 6098,1235 6076,1226 6049,1214 6046,1214 6043,1214 6040,1214 6001,1223 5961,1235 5867,1235 5858,1220 5855,1220 5855,1217 5852,1217 5849,1217 5846,1217 5834,1217 5785,1229 5770,1217 5764,1211 5761,1211 5758,1211 5657,1208 5654,1208 5621,1211 5524,1226 5469,1208 5466,1275 5463,1308"/>
        <Baseline points="5466,1275 6441,1290"/>
        <TextEquiv>
          <Unicode>n o sire fu pour ce uꝰ uuell proier</Unicode>
        </TextEquiv>
      </TextLine>

      
      
      <TextLine id="eSc_line_7b9b88bb" >
        <Coords points="5445,1348 5442,1381 5858,1405 5861,1405 6477,1396 6480,1363 6480,1308 5445,1293 5445,1348"/>
        <Baseline points="5445,1348 6480,1363"/>
        <TextEquiv>
          <Unicode>q̾ me uuellies bõnemet consellier</Unicode>
        </TextEquiv>
      </TextLine>

      
      
      <TextLine id="eSc_line_12121f87" >
        <Coords points="5417,1434 5412,1471 6511,1466 6515,1443 6515,1389 5417,1361 5417,1434"/>
        <Baseline points="5421,1436 6516,1447"/>
        <TextEquiv>
          <Unicode>l i rois gaudisse noꝰ ot auistichier</Unicode>
        </TextEquiv>
      </TextLine>

      
      
      <TextLine id="eSc_line_28c4e62f" >
        <Coords points="5390,2409 5390,2436 6520,2441 6524,2395 6515,2336 5385,2332 5390,2409"/>
        <Baseline points="5391,2412 6529,2398"/>
        <TextEquiv>
          <Unicode>⁊ desclarmonde uꝰ uuell .i. poi traitiez</Unicode>
        </TextEquiv>
      </TextLine>

      
      
      <TextLine id="eSc_line_939aaf2a" >
        <Coords points="5718,2409 5672,2409 5627,2409 5581,2409 5535,2409 5490,2409 5444,2409 5399,2409 5399,2477 5399,2505 6424,2523 6428,2477 6428,2418 5740,2409 5718,2409"/>
        <Baseline points="5400,2478 6431,2482"/>
        <TextEquiv conf="0.989989956840873">
          <Unicode>a uis li fu endormant au songier</Unicode>
        </TextEquiv>
      </TextLine>

      
      
      <TextLine id="eSc_line_e36e41eb" >
        <Coords points="5390,2546 5385,2591 6360,2596 6369,2550 6365,2487 5390,2473 5390,2546"/>
        <Baseline points="5393,2547 6370,2555"/>
        <TextEquiv>
          <Unicode>q̾ le ueoit . les sen fill .i. leurier</Unicode>
        </TextEquiv>
      </TextLine>

      
      
      <TextLine id="eSc_line_f3fc7b74" >
        <Coords points="5399,2628 5394,2660 6424,2673 6433,2641 6433,2569 5399,2559 5399,2628"/>
        <Baseline points="5402,2632 5457,2632 5509,2629 6437,2645"/>
        <TextEquiv>
          <Unicode>s e li sanloit qͥ le uausist mengier</Unicode>
        </TextEquiv>
      </TextLine>

      
      
      <TextLine id="eSc_line_f0b3416e" >
        <Coords points="5403,2714 5403,2764 6360,2751 6360,2714 6360,2655 5403,2646 5403,2714"/>
        <Baseline points="5408,2717 6362,2717"/>
        <TextEquiv>
          <Unicode>d ont li ueoit le uiaire le kier</Unicode>
        </TextEquiv>
      </TextLine>

      
      
      <TextLine id="eSc_line_ed6cda71" >
        <Coords points="5394,2796 5394,2828 6351,2833 6360,2796 6346,2733 5390,2733 5394,2796"/>
        <Baseline points="5396,2799 5439,2793 5509,2802 6362,2797"/>
        <TextEquiv conf="0.968926742121025">
          <Unicode>⁊ humlemẽt u̾s li humelier</Unicode>
        </TextEquiv>
      </TextLine>

      
      
      <TextLine id="eSc_line_313e1cea" >
        <Coords points="5540,2874 5540,2919 6397,2915 6397,2874 6397,2819 5540,2819 5540,2874"/>
        <Baseline points="5542,2878 6401,2878"/>
        <TextEquiv>
          <Unicode>i faitement la rome sonioit</Unicode>
        </TextEquiv>
      </TextLine>

      
      
      <TextLine id="eSc_line_10a51fd0" custom="structure {type:DropCapitalLine;}">
        <Coords points="5381,2991 5444,2982 5494,2986 5508,2955 5522,2818 5363,2806 5371,2960"/>
        <Baseline points="5374,2964 5510,2966"/>
        <TextEquiv conf="0.999067962169647">
          <Unicode>S</Unicode>
        </TextEquiv>
      </TextLine>

      
      
      <TextLine id="eSc_line_28456351" >
        <Coords points="5526,2960 5526,3010 6328,3001 6333,2951 6319,2887 5522,2892 5526,2960"/>
        <Baseline points="5529,2961 6334,2954"/>
        <TextEquiv conf="0.973349196295584">
          <Unicode>auis li fu q̃ les sen fil ueoit</Unicode>
        </TextEquiv>
      </TextLine>

      
      
      <TextLine id="eSc_line_e379a4e5" >
        <Coords points="5390,3038 5390,3074 6451,3083 6460,3038 6456,2969 5385,2965 5390,3038"/>
        <Baseline points="5392,3040 5462,3037 5512,3039 6462,3039"/>
        <TextEquiv>
          <Unicode>.i. gnͣt leurier qͥ le geule beoit</Unicode>
        </TextEquiv>
      </TextLine>

      
      
      <TextLine id="eSc_line_9595f72e" >
        <Coords points="5394,3111 5390,3147 6451,3152 6460,3120 6456,3051 5394,3047 5394,3111"/>
        <Baseline points="5396,3112 6462,3123"/>
        <TextEquiv>
          <Unicode>b ien li sanbloit q̃ meng̾ le uoloit</Unicode>
        </TextEquiv>
      </TextLine>

      
      
      <TextLine id="eSc_line_9bd6fa42" >
        <Coords points="5385,3197 5385,3229 6520,3229 6520,3193 6506,3138 5381,3138 5385,3197"/>
        <Baseline points="5387,3200 6521,3197"/>
        <TextEquiv conf="0.977212661191037">
          <Unicode>m ais li leuriers doucemẽt le lechoit</Unicode>
        </TextEquiv>
      </TextLine>

      
      
      <TextLine id="eSc_line_1d891b19" >
        <Coords points="5376,3288 5376,3320 6287,3320 6292,3279 6278,3220 5371,3224 5376,3288"/>
        <Baseline points="5379,3293 6295,3283"/>
        <TextEquiv>
          <Unicode>⁊ a lenfant godin sumelioit</Unicode>
        </TextEquiv>
      </TextLine>

      
      
      <TextLine id="eSc_line_d58db2b7" >
        <Coords points="5371,3366 5371,3407 6351,3407 6356,3357 6342,3297 5367,3297 5371,3366"/>
        <Baseline points="5376,3369 6357,3361"/>
        <TextEquiv>
          <Unicode>d e la pauor la dame sesuelloit</Unicode>
        </TextEquiv>
      </TextLine>

      
      
      <TextLine id="eSc_line_c2f09742" >
        <Coords points="5381,3439 5381,3484 6547,3480 6552,3429 6538,3370 5376,3375 5381,3439"/>
        <Baseline points="5383,3442 6556,3434"/>
        <TextEquiv>
          <Unicode>s es chamberieres doucemẽt apelloit</Unicode>
        </TextEquiv>
      </TextLine>

      
      
      <TextLine id="eSc_line_2d138919" >
        <Coords points="5371,3516 5371,3552 6570,3539 6574,3502 6561,3443 5367,3452 5371,3516"/>
        <Baseline points="5376,3521 6575,3507"/>
        <TextEquiv>
          <Unicode>l enfant godin aporter leur rouuoit</Unicode>
        </TextEquiv>
      </TextLine>

      
      
      <TextLine id="eSc_line_5a64857c" >
        <Coords points="5353,3603 5353,3639 6269,3639 6269,3584 6255,3525 5349,3539 5353,3603"/>
        <Baseline points="5355,3606 6272,3589"/>
        <TextEquiv>
          <Unicode>q nͣt ele uit ꝯne li aportoit</Unicode>
        </TextEquiv>
      </TextLine>

      
      
      <TextLine id="eSc_line_850fa042" >
        <Coords points="5358,3684 5358,3716 6383,3712 6383,3684 6378,3603 5358,3616 5358,3684"/>
        <Baseline points="5361,3686 6385,3686"/>
        <TextEquiv>
          <Unicode>e dix dist il biaus peres q̃ ce doit</Unicode>
        </TextEquiv>
      </TextLine>

      
      
      <TextLine id="eSc_line_1272eaec" >
        <Coords points="6351,3689 6305,3689 6260,3689 6082,3707 5754,3707 5736,3689 5713,3689 5668,3689 5622,3689 5617,3689 5422,3707 5353,3680 5353,3766 5353,3794 5690,3817 5695,3817 6638,3789 6638,3753 6624,3653 6351,3680 6351,3689"/>
        <Baseline points="5355,3771 6640,3756"/>
        <TextEquiv>
          <Unicode>e st mes fiex mors uir le uuell or endroit</Unicode>
        </TextEquiv>
      </TextLine>

      
      
      <TextLine id="eSc_line_c8142bca" >
        <Coords points="5344,3848 5344,3885 6497,3871 6501,3835 6492,3771 5340,3766 5344,3848"/>
        <Baseline points="5346,3850 6506,3838"/>
        <TextEquiv>
          <Unicode>l i une delles le meschief li contoit</Unicode>
        </TextEquiv>
      </TextLine>

      
      
      <TextLine id="eSc_line_94523ee0" >
        <Coords points="5353,3930 5353,3981 6369,3953 6374,3917 6360,3848 5349,3867 5353,3930"/>
        <Baseline points="5355,3932 6375,3918"/>
        <TextEquiv>
          <Unicode>⁊ qnͣt de uoir seut q̃ ꝑdus estoit</Unicode>
        </TextEquiv>
      </TextLine>

      
      
      <TextLine id="eSc_line_10611827" >
        <Coords points="5330,4003 5330,4058 6588,4022 6588,3985 6574,3917 5326,3944 5330,4003"/>
        <Baseline points="5334,4008 6590,3987"/>
        <TextEquiv>
          <Unicode>m lt̾ tenremẽt de ses biaus iex plouroit</Unicode>
        </TextEquiv>
      </TextLine>

      
      
      <TextLine id="eSc_line_9df44097" >
        <Coords points="5344,4085 5344,4126 6520,4126 6520,4072 6511,4017 5340,4012 5344,4085"/>
        <Baseline points="5346,4087 6523,4075"/>
        <TextEquiv>
          <Unicode>s en fil godin en plourant regretoit</Unicode>
        </TextEquiv>
      </TextLine>

      
      
      <TextLine id="eSc_line_35e04cfa" >
        <Coords points="5335,4172 5340,4281 5485,4245 5699,4268 5854,4286 5859,4286 5864,4286 5918,4258 5959,4240 6082,4245 6091,4254 6119,4277 6119,4281 6123,4281 6128,4281 6132,4281 6497,4236 6501,4163 6488,4104 5330,4108 5335,4172"/>
        <Baseline points="5340,4175 6502,4166"/>
        <TextEquiv>
          <Unicode>d e la dolour ses paumes detorgoit.</Unicode>
        </TextEquiv>
      </TextLine>

      
    </TextRegion>
    
    <TextRegion id="eSc_textblock_7a764569"  custom="structure {type:NumberingZone;}">
      <Coords points="4673,4374 4673,4472 4816,4472 4816,4374"/>
      
      
      <TextLine id="eSc_line_6dd01f69" >
        <Coords points="4792,4369 4777,4360 4670,4375 4682,4469 4682,4491 4761,4500 4764,4500 4768,4500 4816,4476 4816,4454 4801,4372 4792,4369"/>
        <Baseline points="4682,4469 4816,4454"/>
        <TextEquiv>
          <Unicode>107</Unicode>
        </TextEquiv>
      </TextLine>

      
    </TextRegion>
    
    <TextRegion id="eSc_textblock_062d8baa"  custom="structure {type:QuireMarksZone;}">
      <Coords points="4381,4937 4398,5017 4592,5017 4592,4933 4499,4890"/>
      
      
      <TextLine id="eSc_line_f44e28a4" >
        <Coords points="4549,4934 4522,4925 4491,4919 4461,4913 4430,4910 4397,4928 4373,4940 4364,4974 4336,5183 4546,5189 4573,4998 4573,4937 4549,4934"/>
        <Baseline points="4364,4974 4573,4998"/>
        <TextEquiv>
          <Unicode>55e</Unicode>
        </TextEquiv>
      </TextLine>

      
    </TextRegion>
    
    <TextRegion id="eSc_textblock_526616a0"  custom="structure {type:NumberingZone;}">
      <Coords points="6668,307 6664,363 6833,367 6947,350 6947,291"/>
      
      
      <TextLine id="eSc_line_3f49ff8f" >
        <Coords points="6643,378 6720,373 6822,368 6921,359 6921,314 6915,258 6639,272 6643,327"/>
        <Baseline points="6647,330 6923,317"/>
        <TextEquiv>
          <Unicode>CCCCII</Unicode>
        </TextEquiv>
      </TextLine>

      
    </TextRegion>
    
    <TextRegion id="eSc_textblock_35697eb8"  custom="structure {type:NumberingZone;}">
      <Coords points="7002,430 6998,342 6867,367 6867,430 6935,430"/>
      
      
      <TextLine id="eSc_line_accea93b" >
        <Coords points="6866,455 7012,455 7007,414 6998,345 6849,376 6866,432"/>
        <Baseline points="6870,433 7008,417"/>
        <TextEquiv>
          <Unicode>402</Unicode>
        </TextEquiv>
      </TextLine>

      
    </TextRegion>
    
    <TextRegion id="eSc_textblock_e4de6f2f"  custom="structure {type:DropCapitalZone;}">
      <Coords points="1166,3751 1166,3614 1012,3585 960,3894 1055,3881 1075,3751"/>
      
    </TextRegion>
    
    <TextRegion id="eSc_textblock_5005a3ce"  custom="structure {type:DecorationZone;}">
      <Coords points="4273,558 4037,1365 4588,1455 5193,1506 5290,604 4422,562 4367,477"/>
      
    </TextRegion>
    
    <TextRegion id="eSc_textblock_88a5e788"  custom="structure {type:DamageZone;}">
      <Coords points="5171,621 5230,570 5435,452 5296,313 5457,325 5553,330 5553,501 5411,520 5295,580 5382,796"/>
      
    </TextRegion>
    
    <TextRegion id="eSc_textblock_92c2c0c8"  custom="structure {type:DropCapitalZone;}">
      <Coords points="4030,1451 3994,1560 4102,1581 4102,1535 4133,1471"/>
      
    </TextRegion>
    
    <TextRegion id="eSc_textblock_911a8d33"  custom="structure {type:DamageZone;}">
      <Coords points="3929,1523 3852,1947 4391,1803 5231,1787 4921,1735 4178,1590"/>
      
    </TextRegion>
    
    <TextRegion id="eSc_textblock_7b203117"  custom="structure {type:DamageZone;}">
      <Coords points="3878,3683 3945,4128 4394,3990 4719,3958 5164,3885 4823,3859 4213,3782"/>
      
    </TextRegion>
    
    <TextRegion id="eSc_textblock_81eda5fa"  custom="structure {type:DropCapitalZone;}">
      <Coords points="4190,4307 4173,4171 4105,4214 4084,4123 4030,4123 4089,4307 4177,4307"/>
      
    </TextRegion>
    
    <TextRegion id="eSc_textblock_56c161f6"  custom="structure {type:DamageZone;}">
      <Coords points="2165,342 2298,515 2343,860 2441,319"/>
      
    </TextRegion>
    
    <TextRegion id="eSc_textblock_be0c48a1"  custom="structure {type:DamageZone;}">
      <Coords points="4135,5157 4055,4810 4373,4731 4436,4634 4639,4552 4719,4691 4700,4780 4465,4839 4341,4969 4237,5074 4324,5156"/>
      
    </TextRegion>
    
    <TextRegion id="eSc_textblock_338a1629"  custom="structure {type:DamageZone;}">
      <Coords points="6310,5055 6439,4829 6488,4674 6608,4652 6687,4874 6736,5009"/>
      
    </TextRegion>
    
    <TextRegion id="eSc_textblock_14900716"  custom="structure {type:DropCapitalZone;}">
      <Coords points="5382,2813 5365,2978 5500,2978 5509,2914 5513,2813"/>
      
    </TextRegion>
    
    <TextRegion id="eSc_textblock_7aa66893"  custom="structure {type:DamageZone;}">
      <Coords points="5751,649 5746,695 5777,728 5836,749 5813,675"/>
      
    </TextRegion>
    
    <TextRegion id="eSc_textblock_7e2cce1f"  custom="structure {type:DamageZone;}">
      <Coords points="7104,1136 7099,1052 6988,1026 6914,980 7009,1111"/>
      
    </TextRegion>
    
    <TextRegion id="eSc_textblock_96590687"  custom="structure {type:DamageZone;}">
      <Coords points="7096,3159 7191,3218 7227,3208 7227,3172 7186,3164"/>
      
    </TextRegion>
    
    <TextRegion id="eSc_textblock_930fba87"  custom="structure {type:DecorationZone;}">
      <Coords points="4654,4522 4757,4756 4934,4661 5084,4654 5177,4708 5166,4826 5539,4860 5614,4838 5958,4862 6392,4831 6496,4678 6606,4652 6720,4886 6947,4703 7093,4397 6791,4141 6852,3933 6944,3664 6935,3425 6935,3419 6689,3623 6591,3869 6588,4017 6592,4181 6612,4350 6327,4636 6191,4696 5854,4728 5597,4685 5733,4454 5545,4377 5404,4446 5172,4504 4911,4459"/>
      
    </TextRegion>
    
    <TextRegion id="eSc_textblock_689152e5"  custom="structure {type:DecorationZone;}">
      <Coords points="3380,4890 3477,4724 3621,4316 3607,4302 3515,4247 3293,4521 3132,4611 2931,4661 2659,4607 2445,4492 2289,4459 2035,4430 2003,4281 1858,4283 1791,4351 1014,4192 983,4385 949,4150 936,1520 1102,571 1027,511 1258,508 1243,445 1133,393 953,418 811,540 842,675 964,708 902,1001 762,1236 836,1375 776,1592 829,1762 835,2152 706,2337 759,2439 797,2562 793,4113 695,4039 561,4160 727,4334 551,4462 592,4702 893,4886 1301,4732 1351,4577 1649,4523 2003,4633 1696,4872 2209,4976 2520,4869 2764,4898"/>
      
    </TextRegion>
    
    <TextRegion id="eSc_textblock_11b7bc71"  custom="structure {type:DamageZone;}">
      <Coords points="2300,3978 2834,3947 3121,3949 3256,3950 3734,3842 3691,4013 3622,4331 3311,4180"/>
      
    </TextRegion>
    
    <TextRegion id="eSc_textblock_803007bb"  custom="structure {type:DamageZone;}">
      <Coords points="2375,1506 2912,1438 3420,1349 3511,1295 3710,1280 3729,1721 3467,1634"/>
      
    </TextRegion>
    
    <TextRegion id="eSc_textblock_ab60f38f"  custom="structure {type:DamageZone;}">
      <Coords points="445,4056 445,4423 577,4376 718,4310 596,4207"/>
      
    </TextRegion>
    
    <TextRegion id="eSc_textblock_75f42c21"  custom="structure {type:DamageZone;}">
      <Coords points="706,5188 622,4965 931,4979 1186,4772 1353,4739 1487,4749 1450,4816 1323,4901 1202,5025 1306,5146"/>
      
    </TextRegion>
    
    <TextRegion id="eSc_textblock_df5df8e2"  custom="structure {type:DamageZone;}">
      <Coords points="473,1373 454,1645 699,1598 793,1504 671,1439"/>
      
    </TextRegion>
    
    <TextRegion id="eSc_textblock_0060f320"  custom="structure {type:DecorationZone;}">
      <Coords points="1034,2732 992,3598 1543,3591 2129,3619 2185,2795 2136,2714 2079,2601 1976,2808 1879,2643 1277,2603 1181,2746 1143,2587"/>
      
    </TextRegion>
    
    <TextRegion id="eSc_textblock_5468059d"  custom="structure {type:DropCapitalZone;}">
      <Coords points="2330,1832 2330,2028 2475,2028 2487,1958 2527,1832"/>
      
    </TextRegion>
    

    
    <TextRegion id="eSc_dummyblock_">
    
    
      <TextLine id="eSc_line_977cffcf" >
        <Coords points="2442,350 2442,414 2610,414 2774,478 2779,478 2783,478 2788,478 2865,455 3011,473 3016,473 3207,460 3212,460 3339,396 3394,419 3399,419 3403,419 3408,419 3412,419 3453,387 3453,341 3444,227 2865,227 2861,227 2437,264 2442,350"/>
        <Baseline points="2444,352 2845,406 3456,343"/>
        <TextEquiv>
          <Unicode>a bordiaus dun fill qͥ ot a non godins .⁊</Unicode>
        </TextEquiv>
      </TextLine>

    
    
      <TextLine id="eSc_line_be898189" >
        <Coords points="4269,446 4342,473 4346,473 4351,473 4486,449 4816,478 4820,478 5221,455 5294,478 5299,478 5303,478 5308,478 5381,441 5385,391 5363,337 5001,359 4853,377 4717,385 4651,377 4597,380 4530,375 4478,359 4411,349 4364,348 4268,335 4273,391"/>
        <Baseline points="4274,393 4650,443 5081,427 5387,395"/>
        <TextEquiv>
          <Unicode>Ensi q̃ li aumachours de roches embla godin</Unicode>
        </TextEquiv>
      </TextLine>

    
    
      <TextLine id="eSc_line_f0bedcbb" >
        <Coords points="1262,441 1262,478 1886,491 1890,491 2187,455 2191,400 2173,309 1581,323 1476,291 1462,286 1458,286 1257,286 1262,441"/>
        <Baseline points="1263,446 1991,452 2193,402"/>
        <TextEquiv>
          <Unicode>E nsi q̃ li royne esclarmõde sa gu[$$]</Unicode>
        </TextEquiv>
      </TextLine>

    
    
      <TextLine id="eSc_line_7a6db305" >
        <Coords points="6214,546 6219,546 6374,523 6378,469 6388,434 5576,385 5595,432 5590,482"/>
        <Baseline points="5596,433 5893,487 6146,497 6380,470"/>
        <TextEquiv>
          <Unicode>a bordiaus . ⁊ semporta ꝑ mer</Unicode>
        </TextEquiv>
      </TextLine>

    
    
      <TextLine id="eSc_line_b5ea3879" >
        <Coords points="1986,450 1941,450 1895,450 1849,450 1804,450 1758,450 1713,450 1667,450 1640,446 1257,446 1262,514 1262,551 2023,542 2218,505 2218,446 2177,405 2027,446 2004,446 1986,450"/>
        <Baseline points="1263,516 1718,519 1996,514 2222,447"/>
        <TextEquiv>
          <Unicode>ꝯment li Roỹs hues le reconforta.</Unicode>
        </TextEquiv>
      </TextLine>

    
    </TextRegion>
    
  </Page>
</PcGts>
