7826 5466
1128 560 2094 756 a sagent dist [$]l  sedes armera
1125 706 2040 810 a uuec soydau[$$] aucastel enira
1116 774 2154 888 e t h̾ quenbaut et hachart en mena
1129 865 2077 950 .iii. escuiers chascuns diaus auera
1111 915 2077 1033 s onlelaist ens baudris ceuancera
1125 992 1986 1111 .l. armes auuec lui conduira
1106 1074 1986 1197 l es le castel lehamel ardera
1111 1166 2040 1270 l i castelains degornant cuidera
1138 1234 2040 1339 q̾ ce ait il fait ⁊ soybaus lidira
1120 1302 2090 1425 q̾ se issir uint denous aidies sera
1125 1384 2049 1503 m ais iaplus tost ducastel nistera
1120 1462 2049 1589 q̾ iamais ior dedens ne rentera
1334 1562 2049 1671 oh̾. ensi uasagẽt auisant
1079 1548 1342 1767 R
1336 1651 2144 1758 asonauis se sont tout acordãt
1097 1721 2136 1835 R oh̾. adont sena tost des armant
1097 1790 2154 1903 s oybaut lerous ⁊ hachart uahucant
1093 1872 2154 1995 e t erquenbaut dit lor a tout errãt
1079 1940 2154 2077 d es armes uous franc chr̾ uaiłłant
1084 2045 2154 2149 e t cil sifont ne le uont refusant
1088 2118 2150 2245 d es arme st̾ bons dras uõt reuestãt
1079 2213 2131 2323 c hascuns apris .i. palefroi amblant
1102 2300 2045 2400 pꝰ sont monte ⁊ roh̾. uadisant
1084 2359 2118 2473 q̾ bandris uoist .l. homes prenant
1102 2432 2118 2546 u̾s le castel seront cil cheuaucant
1075 2518 2122 2628 e ns el hamel iront le fu bontãt
1065 2587 2036 2714 u liautre soient coi demourant
1075 2664 2122 2783 d essi adont qͥl u̾rront aparant
1079 2755 2122 2883 l e castelain hors ducastel issant
1075 2837 2177 2960 a tant senuont form̃t st̾ couuoitãt
1075 2906 2081 3029 q̾ le castel aient aleur ꝯmant
1108 2991 2165 3124 .xui. escuiers auuec aus uont menãt
1097 3074 2195 3197 m ais ne furent arme ne tant necãt
1102 3147 2186 3275 d uscau castel ne seuont detriant
1102 3238 2186 3366 l es leporte furent .xxx. s̾iant
1102 3302 2254 3443 m ont bien arme tous les uont saluãt
1102 3388 2177 3516 l i castelains bien les ua ꝯ duisant
1102 3484 2172 3612 d elor uenue afait ioie mlt̾ grant
1102 3548 2191 3689 li traitour adont sont des cendant
1097 3644 2200 3766 a uuecq̃s lui u castel sont entrant
1106 3721 2227 3839 li castelains .Roh̾. uait acolant
1106 3812 2218 3930 e t ses cousins durem̃t honorant
1129 3871 2172 4008 l esauoit pas qil aloient pensant
1327 3978 2174 4090 icastelains dont uꝰ moez ꝑler
1029 3818 1326 4208 L
1317 4053 2265 4166 brunos ot non .Roh̾. fait desm̃ot̾
1106 4131 2172 4277 e tlemengier uistement ap̾ster
1653 394 3485 592 n]os se combati a herkembaut ⁊ as traiteurs qͥ uoloient greuer godĩ
1211 467 1630 683 ensi con bru
2382 601 3216 737 r ohart uoloit seruir et honnerer
2383 655 3275 806 l es napes fait estendre pour disner
2391 719 3243 874 l es traitours ꝯmenche aapeller
2408 778 3284 960 s ignour baron dist il uenes lauer
2400 842 3311 1047 e t cil si font nele uanrent uaer
2418 897 3311 1115 p uis sont assis pour lui plus awler
2414 970 3334 1216 l i castelains lor prist a demander
2423 1020 3375 1284 q̾ godins fait qͥ tant [fait] aloer
2432 1079 3457 1339 b runot font il ne uous estent donter
2428 1125 3489 1421 t ous haitiez est chascuns le doit amer
2418 1375 3484 1571 b runos a dont ases fait aporter
2432 1471 3557 1662 b ons mes nouuiaus ⁊ uin u̾mel ⁊ cler
2432 1576 3547 1730 e t baudris fait sagent auant aler
2427 1626 3498 1803 l es le castel fortin les fait passer
2418 1726 3430 1867 e ns uhamel lor fait le fu bouter
2409 1822 3430 1931 c arcanica con mence aes crier
2400 1885 3421 2013 l anoise adont ꝯmencha aleuer
2405 1967 3507 2104 q nͣt liportiers uoit lauile embraser
2396 2036 3493 2177 a ucastelain tantost le uait ꝯter
2396 2127 3553 2268 b runot dist il de uoir uous puis iurer
2382 2222 3530 2327 g ornans lahors uous cuide uergonder
2386 2291 3530 2414 l ehamel art les gens fait de cauper
2405 2368 3539 2487 q nͣt brunos loit uis cuida foursener
2400 2441 3594 2559 m ais soybaus dist ne uous caut dairer
2391 2528 3521 2632 f aites nous tost u feruestir et armer
2386 2600 3503 2705 a uueques uous irons aaus quapler
2382 2673 3439 2787 i a neporront encontre nous durer
2651 3630 3616 3839 uant brunos oit soi baut si afiier
2669 3707 3671 3930 que sil lez fait armer ⁊ har[$$$$]er
2426 3746 2710 3990 Q
2683 3915 3575 4145 illi uanront ꝯtre gornant aidier
2432 3953 3480 4190 d ont ne se se net de traison gaitier
2438 4053 3468 4254 a ins leur afait armeures baillier
2423 4142 3483 4357 e t a donne achascun un destrier
4226 569 5097 719 d ont sont arme ⁊ monte sans targier
4218 660 5070 788 e t brunes fait laporte ouurir arrier
4204 742 4928 847 R oh̾ adont leprist aa raisnier
4209 815 5070 942 b runot distil faites soibaut carcier
4193 886 5089 1017 .xx. sondoiiers pour lestour ꝯmencier
4196 977 5120 1096 e t enquenbant .xx. pour lui reuengier
4178 1044 5098 1175 e t auec uous seront .xx. soudoiier
4169 1108 5101 1241 i ou ⁊ hachars uꝰ siurons par derier
4122 1170 5120 1339 a ueques nous seront nr̃e escuier
4095 1234 5124 1416 b runos respont bñ fait aotriier
4072 1302 5115 1507 d ont fait soibaut p̃merains ceuanch̾
4076 1462 5088 1721 a pres issi h̾ quenbaus au uis fier
4081 1553 5165 1812 p uis est issus bien cuidoit esploitier
4099 1653 5047 1881 m ais puis ne pot u castel repairier
4099 1740 5097 1940 c ar roh̾. fist la porte uerroułłier
4113 1812 5193 2031 d usquez esdens pourfendi leportier
4095 1894 5174 2090 p as ne sauoit brunos son enꝯbrier
4121 1979 5183 2168 a ins fist sagent u̾s le feu a drecier
4114 2074 5156 2259 t el caup donna baudri a la drecier
4117 2143 5190 2341 q̾ les archons tous .ii. li fist widier
4108 2231 5202 2427 q̾ nͣt herquenbaus uit baudͥ trebuscier
4113 2318 5142 2496 .i. sigrant caup brunot ala paier
4127 2414 5114 2569 q̾ desoncief li fist le sanc raiier
4117 2473 5138 2660 b runos de ce seprist a meruillier
4272 2569 5235 2714 ont dist brunos h̾kenbaut q̃ faistu
4087 2617 4285 2828 D
4268 2646 5156 2792 pͧ ͥ coi mastu si faitement feru
4140 2723 5156 2896 p etit senfaut q̃ nemas pour fendu
4154 2814 5133 2965 m aues uous ia sitost des con neu
4158 2896 5138 3042 ⁊ h̾quenbaus lia dont respondu
4168 2960 5138 3133 p ar dieu cui u̾s mal uꝰ est auenu
4196 3070 5101 3212 c ar lecastel fortin aues perdu
4168 3124 5124 3265 u ous ⁊ uogent seres tout ꝯfondu
4177 3197 5261 3347 s aciez de uoir que tont cil fer uestu
4186 3293 5152 3429 s  ont mi ami demon linage issu
4199 3366 5152 3511 s outiuement uous auons deceu
4236 3449 5347 3601 d ont uint uers lui ⁊ tint le branc tot nu
4230 3540 5214 3695 f erir le uaust desus son elme agu
4199 3621 5224 3771 m ais brunos sest couuers de son escu
4222 3721 5188 3848 e t e[r]kenb[aus] ifiert ꝑtel uertu
4242 3792 5232 3923 q uen .ii. moities laquasse ⁊ ropu
4263 3880 5229 3990 b runos adont ot le cuer irasquu
4245 3944 5197 4094 e glons distil ne maues pas tenu
4277 4017 5224 4363 l e conuenent q̃ orains dit me fu
4286 4113 5293 4422 a ins que fussiens hors ducastel meu
4332 4199 5261 4573 t rai mauez cier uous sera rendu
5352 537 6482 696 d ont le siert si de son b[ra]nc esmolu
5338 633 6254 778 q uen son elme lia si [con] [ba]tu
5334 737 6359 860 q ue duscautes ena lacier sentu
5334 806 6391 929 a terre la mangres sien abatu
5343 874 6391 1020 s oibaus adont nia plus atendu
5338 961 6391 1093 q nͣt h̾kenbaut uit aterre keu
5329 1015 6504 1166 u ers brunot point le bon dest̾ grenu
5338 1106 6445 1234 d un roit espiel quot .i. paien tolu
5329 1207 6195 1307 l ialebras ales cu acousu
5548 1202 6591 1402 ant brunos sent qͥl ert ubrac plaiez
5343 1296 5566 1503 Q
5566 1334 6637 1466 de dens son cuer enfu mout corociez
5353 1415 6632 1572 c ascuns des siens en est mout esmaiez
5360 1500 6517 1673 m ais brunos fu chlr̾s mout prisiez
5370 1576 6586 1749 u ers soibaut uient .ii. caus lia paiez
5366 1648 6536 1817 s iqil liront son elme en .ii. mortiez
5375 1744 6609 1899 s oibaus descaups fu si formt̃ carkiez
5366 1822 6574 1982 q̾ maugrez sien at̾re est trebus chiez
5381 1922 6556 2067 m ais uistement est empies redrechiez
5388 1976 6641 2149 s espee elpong mais mout estoit froisiez
5390 2083 6486 2228 e t ens elcief ert aussi si blechiez
5390 2177 6410 2310 q̾ duscau piet li est li sans rai ez
5384 2218 6673 2386 g lous dist brunos se uous prodons fussiez
5405 2310 6562 2462 m onbranc encor sentu encore neussiez
5402 2382 6573 2546 t rai maues nus ne sen fust gaitiez
5411 2459 6523 2637 q ant u castel loi aument mafi iez
5429 2559 6523 2705 q̾ cha de hors u̾s gornant maideriez
5420 2655 6495 2796 s elicastiaus est ꝑ uous gaaigniez
5420 2719 6591 2887 n iseres uous iamais sains ne haitiez
5416 2778 6682 2969 d ont uint u̾s lui ne sest pas resongniez
5420 2869 6618 3038 m ien essiant mlt̾ bien sen fust uengiez
5432 2960 6659 3109 q ant u̾s lestour uit uenir les fouriers
5417 3042 6477 3185 .ce. et plus cascuns ert haubregies
5443 3111 6655 3270 d ont set deuoir brunos que li mesciez
5452 3197 6614 3361 d arester la plus li seroit trop griez
5448 3270 6618 3434 o u uoit sagent sisest haut escri iez
5452 3352 6627 3539 b aron dist il cart est que uous fu iez
5461 3439 6623 3607 u oies les gens qui nous ont espiiez
5457 3507 6655 3684 a tant sen uont mais mout fu roh̾. liez
5470 3589 6650 3766 d e chou quensi brunos fu cu nchiiez
5669 3686 6650 3847 hlr̾s fu bru nos de grant ualour
5444 3731 5694 3944 C
5685 3744 6750 3917 mais lanepot demoustrer sa uigour
5472 3853 6650 4026 c ar trop erent degent li traitour
5487 3920 6747 4081 q ant les fouriez uit uenir u̾s lestour
5505 4014 6662 4166 t ous c̾tains fu qil aroit lepiour
5487 4078 6690 4369 s il demouroit plus la entre les lour
4600 4404 4851 4650 130
6605 206 7009 409 CCCCXXU
4742 4737 5047 5192 78e
6872 321 7054 461 425
