7718 5466
1079 590 2018 724 o r tost uuidiel mal estes arruies
1066 677 2071 792 a tant sen part clautrans formẽt ires
1050 743 2047 868 a la porte uint ⁊ mlt̾ sen est hastes
1035 829 2041 932 .ii. desportiers a ꝑles flans combres
1020 906 1954 1024 d esus le pont les geta es fosses
1043 983 1954 1097 p uis a les huis de la porte leues
1011 1047 1954 1156 ⁊ [e]n la mer tous .ii. les agetes
1023 1132 2092 1229 l autre gaiant qui estoit deuourez
1008 1214 2110 1308 qͥ de keuure iert a tes .iii caus frapez
1026 1287 2120 1381 q uen .xx pieches ⁊ plus fu espautres
1029 1375 2071 1472 a tant sen ua en lost ꝯme derues
1038 1439 2086 1551 e t[re] [m]gale la uielle as crins merlez
1020 1527 2089 1630 ⁊ ses freres atrouues trestoꝰ armes
1026 1603 2065 1715 ⁊ lor grant gent dont lor a dit oes
1011 1682 1956 1779 l i rois hues ne uꝰ prise .iii .des
970 1762 2054 1881 ⁊ sa poi gent tost iert desbaretez
1011 1846 2068 1952 c ar li castiaus est trestoꝰ deffremes
1006 1899 2018 2036 c ar les.ii. huis de la porte ai ostes
993 1985 1977 2108 e n la mer sont ueoir la les poes
993 2067 1977 2190 o re alassaut bien faire le deues
1011 2145 1977 2272 q nͣt ot ce dit es les uꝰ arroutez
1002 2236 2068 2354 a u pont en uirrent qͥ est ⁊ gnͣs ⁊ les
1005 2329 2065 2426 m alabruns iert sus la porte montes
1002 2386 2004 2505 u it les gaians uenir toꝰ escauffes
1002 2455 1991 2591 g nͣt pauor ot de ce ne mescrees
1006 2537 1991 2678 d e la porte est iustemẽt auales
988 2637 1991 2755 a huon uint si sest haut escriez
999 2723 1931 2842 s ire sire pour diu uꝰ que feres
993 2783 1849 2910 g ardes q̃ uꝰ ce castel ne ꝑdes
1002 2869 2098 2994 u ees les gens dont pas nestes ames
997 2933 1977 3070 u ostre porter a ostee cis manfes
997 3015 1977 3156 d ont uꝰ fustes or endroit a ꝑles
993 3101 1977 3229 u os .ii .portiers a mors ⁊ afumes
984 3179 2056 3325 ⁊ uos gaians froisies ⁊ tronchõnez
988 3265 1945 3402 ⁊ ses freres a a ce pont amenes
996 3343 2074 3473 ⁊ leur homes dont gnͣs est li plentez
997 3411 1899 3552 h onnis estes se uꝰ ne uꝰ gardes
1002 3510 2050 3647 h ues respont malabrũ or souffres
961 3580 2013 3725 d iaus ains le soir tele ochise u̾rez
979 3666 2013 3789 q̾ ia diaus toꝰ nen iert uns escapes
970 3744 1995 3885 .ii. fiex fais dor a malabrũ donnes
984 3839 1995 3953 p uis li a dit m ales se les portes
984 3917 1995 4053 ⁊ a la porte en trauers les metez
988 3990 2041 4126 ⁊ puis amoi chien droit en uenez
984 4081 1991 4272 ⁊ cis si fist puis sen est retournez
2259 524 3216 692 p lus tost qui peut car mlt̾ fu effraes
2282 619 3239 751 e s les gaians sur le pont en presses
2287 696 3180 833 ⁊ auec iaus .iii. mil de leur fieuez
2273 765 3116 906 a .ii. fiex dor es les uꝰ arrestes
2296 815 3385 1006 p our riens ne fust uns diaus outre passes
2305 897 3321 1074 a ins q̃ nus diaus fust arier recules
2319 965 3189 1152 a souhaidie rois hues li faes
2328 1029 3248 1220 q̾ li pons fu de pechies ⁊ quasses
2314 1088 3312 1311 s i quen mer fu cascuns si abuures
2319 1152 3353 1361 c a toꝰ iours mais remausist soeles
2323 1225 3385 1448 l eus q̃ chuis mos fu delui deuisez
2332 1311 3353 1557 f u ses souhais ꝑfais ⁊ auerres
2305 1466 3512 1703 d iaus toꝰ nen est uns seus pies escapes
2305 1598 3344 1753 l i gnͣt pisson les ont toꝰ deuoures
2300 1680 3412 1835 d ont a dit hues gloriant entendez
2314 1753 3257 1899 ⁊ malabrun a dit que uꝰ feres
2314 1840 3321 1981 a chiaus de lost uous ꝯbateres
2323 1926 3394 2067 m ais ie souhais q̃ uꝰ uictoirez ares
2314 1999 3316 2140 s e uꝰ uuel q̃ soies de cha lor tres
2309 2081 3202 2222 o uꝰ .c᷑. de uassaus a dures
2287 2172 3353 2304 a insi fu fait seguor cest uerites
2305 2241 3289 2377 q̾ toꝰ les ont ochis ⁊ decaupes
2314 2332 3353 2450 m al de celui qͥ en soit uis remes .
2323 2409 3298 2532 a murs estoit rois hues a ceutes
2314 2496 3480 2614 b ien uit lestour qͥ des siens iert outrez
2309 2569 3298 2696 ⁊ ses barons trauellies ⁊ lasses
2282 2646 3298 2773 d ont souhaida hues ꝯ rois faes
2287 2728 3421 2842 q̾ ses pons fust fais ⁊ si machonnez
2278 2810 3581 2951 q uen tout le mont ne fust plꝰ biaus trouuez
2300 2887 3430 3010 t antost fu fais ꝯ cis mos fu sonnez
2309 2960 3430 3083 p uis a hues .ii. gaians refondes
2300 3051 3357 3174 d e keuure fui furnis ⁊ estoffez
2314 3120 3430 3243 l i menres ot seze pies mesurez
2291 3215 3344 3334 p uis a .ii. huis a sa porte poses
2319 3297 3458 3411 d e fui argent estoit cascuns b[arons]
2305 3375 3430 3489 ⁊ de claus dor massicement clauez
2300 3448 3485 3584 e ses honmes dedens du nostre entrez
2300 3539 3403 3666 u igereusemẽt est cascũs des armez
2296 3612 3485 3771 l es haus barons a hues honnerez
2291 3684 3357 3962 a ssis se sont el palais les ales
2291 3785 3371 4044 c ar li meng̾s estoit toꝰ aprestez
2305 3862 3453 4145 b ut ⁊ mengiet ont tant ꝯlor fu sez
2287 3958 3321 4204 p uis sen resont ale aleur ostez
2278 4031 3161 4263 l endemain hues li aloses
2273 4113 3280 4404 e l palais a ses barons rasanlez
4177 564 4888 710 u̾ malabrun du nostre garderes
4191 450 4993 637 p uis lor a dit segnor or mescoutez
4164 619 4761 765 .l. m. de ma gent retenrez
4118 756 4660 892 xl .m. ou̾ en raueres
4150 701 4938 838 ⁊ a monmur u̾ gloriant serez
4054 951 5057 1156 s erai en nuit car ainsi est mes grez
4082 897 5057 1061 o ma moullier qͥ plains a les costez
4100 833 4993 974 ⁊ a bordiaus qͥ est noble chitez
4036 1011 4947 1225 o moi .x᷑. richement atournez
4023 1070 4970 1316 c ascuns respont si ꝯ uꝰ ꝯmandez
4027 1161 4897 1393 ⁊ de fare uos gres toꝰ aprestez
3991 1216 4897 1480 c ascuns de noꝰ dites ce q̃ uolez
3927 1443 4815 1758 ⁊ hues a ses souhais deuisez
3984 1571 4751 1831 a insi fui fait ꝯ uꝰ oi aues
4068 1635 5034 1849 i rois hues ses souhais souhaida
3943 1705 4073 1944 L
4068 1730 4824 1931 ainsi fu fait 9 il les deuisa
3968 1817 4979 2004 a du nostre mal̾abrun de moura
3972 1890 4979 2081 ⁊ amonmur gloriant se trouua
3986 1976 4993 2154 d edens bordiaus hues se herbega
3977 2063 4993 2222 ⁊ sa moullier qͥ loiaumẽt lama
3977 2149 4861 2323 ⁊ li x᷑. ausi . qnͣt uinrent la
3982 2227 4943 2386 t out li pais mlt̾ sen esleecha
3972 2309 4993 2477 a son pooir cascuns mlt̾ lonnera
3982 2391 4966 2546 m ais de digon b̾̾nars plꝰ se pena
3991 2473 4902 2637 d e lomierer ⁊ mlt̾ ses m̾uella
4000 2555 5034 2719 d e ce q̃ point se biaute nen pira
3995 2632 5034 2792 d es puis ce tans q̃ diaus se deseura
4004 2723 5034 2865 s ire ꝑ diu dist il qͥ tout fourma
3995 2796 5089 2956 i e mesm̾uel forment ꝯmẽt ce ua
4027 2874 5089 3024 q uen tel biaute diex soustenu uꝰ a
4023 2956 5016 3088 ⁊ ma dame q̃ tres bien me sanla
4036 3047 4984 3179 q nͣt auec uꝰ debordiaus sen ala
4054 3124 4929 3252 q̾ ainnee estoit q̃ ie ne le uoi la
4036 3206 5089 3343 s a bien .xxx .ans q̃le chi noꝰ laissa
4045 3288 5089 3420 h ues respont ia iour nẽ uiellira
4036 3366 5230 3475 h ome ne fẽme tant quẽ monmur sera
4036 3439 5061 3575 n e en du nostre de ce ne doutes ia
4050 3525 5121 3671 l i lieu sont sain ⁊ plꝰ diex destina
4041 3612 5121 3757 q̾ tant ꝯ ceurs ꝑ amours amera
4054 3684 4998 3830 t out dis en lui ioie se nourira
4054 3753 4906 3899 h ues apres li dist ⁊ raconta
4068 3821 4906 4017 ꝯ faitement sa fille maria
4132 3953 5121 4331 a u roi flourẽt qͥ noblemẽt regna
4173 4099 4957 4381 ⁊ darragon le t̾re gouurena
4168 4122 5262 4568 d usque a ce tans que del mont deuia
5467 531 6439 637 s a fille en qui une fille engenra
5473 601 6503 689 q uant morte fu li rois flourẽs iura
5461 668 6442 756 q̾ sa fille prendroit mal esploita
5453 737 6419 833 c ar dieus a lui de ce se courecha
5435 801 6337 915 ⁊ sa fille bonnemẽt consella
5417 883 6437 1002 s i q̃ lonc tans uirginite garda
5444 979 6260 1079 a miedi li pucele senbla
5435 1033 6492 1161 d e dras doume son cors apparella
5442 1123 6530 1238 t ant le chemin uers rõme chemina
5439 1193 6490 1305 c a rõme uint ⁊ tantos sa cointa
5439 1261 6501 1398 a lempereur ⁊ si bien se prouua
5439 1357 6430 1484 c a lempereur telemẽt agrea
5430 1425 6250 1557 q̾ ch̾̾r en fist ⁊ li carcha
5452 1509 6578 1645 s oliflanbe maint gnͣt estour outra
5439 1589 6405 1726 l empereres sa fille li donna
5442 1679 6554 1806 m ais li prestres .ii. femnes espousa
5421 1740 6332 1890 c ar idee oliue fiancha
5449 1826 6332 1985 q nͣt idee les oliue coucha
5458 1917 6496 2040 t out son secre idee li moustra
5467 2008 6342 2145 ⁊ oliue si bien sen apaia
5464 2074 6630 2228 c onques folour uers hõme ne pẽsa
5467 2163 6519 2304 s e pucele iert pucele demoura
5458 2227 6519 2386 d esi cuns fel cuiuers les en cusa
5458 2300 6565 2477 ⁊ lempereur qͥ ses barons manda
5471 2395 6519 2541 q nͣt il furent uenu cascuns iuga
5480 2482 6519 2651 q̾ arses fuissẽt mais ih̾u ne laissa
5467 2578 6396 2710 e n idee si dignement ouura
5467 2664 6451 2792 ꝯ me le fist a sa fenme habita
5471 2728 6437 2887 .i. fil ꝯchut le dame le porta
5476 2805 6601 2951 t ant cau uoloir de diu sen deliura
5480 2887 6515 3015 l empereres aiaus se racorda
5494 2974 6528 3111 d ide fist roi en cel an trespas[a]
5490 3024 6674 3224 s es fieus croissans crut tant ⁊ amẽda
5471 3133 6483 3302 q̾ de roumains ide le couronna
5490 3224 6455 3370 e n arragon rois ides repaira
5490 3270 6674 3466 m ors iert flourens car de duel sa cora
5499 3384 6442 3543 p our idee que de lui deseura
5508 3452 6537 3612 r ois desiiers en arragon entra
5499 3525 6583 3707 d es hõmages des barons se fieua
5508 3630 6501 3780 ⁊ rois ides en arragon entra
5499 3707 6506 3862 ꝑ .i. abbe bonnemẽt li manda
5508 3785 6510 3944 q̾ sen pais uuidast ⁊ len pria
5517 3871 6542 4026 m ais desiiers en uers ide erra
5535 3949 6537 4113 l ui ⁊ labbe laidi ⁊ mennecha
5531 4026 6533 4240 d e ꝑoles labbe mlt̾ u[$$$$]
6474 228 6815 332 CCCCI
4437 4669 4669 4837 106
4504 4834 4753 5010 54e
6670 259 6838 397 401
