8006 5587
1263 707 2225 797 p ar foi dist il cil est pres de morir
1263 772 2225 872 p etit mama qui tatournai ensi
1232 844 2275 952 s ainte marie que porrai deuenir
1238 937 2160 1018 o r dira ou par estrange pais
1235 1008 2135 1101 q ue ie ai las tel trayson basti
1235 1098 2322 1185 q; q̃ iai fait cel enfanchon mordrir
1226 1160 2284 1260 m ais par celui qui onq̃s ne menti
1204 1244 2278 1367 i e nen soi mot sen ai le cuer mari
1219 1331 2148 1437 s e le seusse il ne fust mie ainsi
1213 1399 2421 1520 m ais par le barbe qui me pent sor le pis
1219 1480 2061 1579 q; par le foi q̃ ie doi ihũ crist
1187 1558 2412 1685 i e ne sai home de rains dusqua paris
1210 1654 2464 1790 t ant soit haus hom ne tãt soit mes amis
1192 1753 2238 1874 s e ie le trueue. ⁊ ie le puis tenir
1210 1843 2287 1946 q ue ne le face de male mort morir
1210 1918 2412 2033 m ar uous gaita par le cors saint denis
1201 2014 2030 2126 .k̶. manda i.mire bñ apris
1213 2095 2418 2203 c herchier a fait la gnͣt plaie au mescĩ
1216 2175 2194 2272 g ardes fait il se cil porra garir
1210 2256 2188 2352 q; cil respont tout a ur̃e plaisir
1178 2337 2240 2444 i l le cerka belement par loisir
1223 2427 2263 2517 Et dist au roi ne uous esmayes si
1206 2490 2244 2602 i a por la plaie ne laist a boire uin
1223 2573 2259 2675 C ar ains .i. mois le renderai gari
1207 2653 2284 2756 .k̶. lentent mout ioians en deuint
1210 2731 2312 2852 E ns en.i. lit ont couchiet gerardin
1210 2821 2114 2914 q; charlemaine apela huelin
1223 2892 2213 2998 h ue fait il entendes enuers mi
1204 2976 2290 3094 a les uous frere desor cel banc seir
1207 3060 2123 3175 q; si buues a ma coupe du uin
1195 3138 2318 3249 s ire dist hues dix le uoꝰ puist merir
1187 3231 2165 3352 p our lamor diu emp̃. gentilz
1204 3296 2349 3442 E ntendes moi. ⁊ uous. ⁊ uo marchis
1204 3380 2070 3479 Q ue celeroie ie ai celui ocis
1207 3460 2114 3572 Qui el coste le mĩe frere feri
1210 3538 2266 3662 m ais ie ne sai de quel t̾re il nasqui
1207 3631 2166 3743 q; si sai bñ cõ laporte apres mi
1206 3696 2161 3817 c ui quaye mort emp̃ gentilz
1201 3805 2266 3910 a u iugemẽt men met de uo pais
1196 3868 2258 3994 c om jugeront. li per. ⁊ li marcis
1213 3945 2126 4050 h ue dist .k̶. ne soies esbahis
1210 4022 2418 4165 u ous naues garde por home qͥ soit uis
1303 4128 2384 4243 r faites pais signeur por diu le gnͣt
1294 4211 2331 4376 oyes canchon. ⁊ bõne. ⁊ auenant
2449 540 3371 777 s i quamorris li cuiu̾s souduians
2459 609 3390 847 u int a paris desor son auferrant
2463 675 3357 935 q; sorres ia.i. duel issi tres grant
2473 740 3385 1019 d euant .k̶. ens el palais luisant
2482 777 3520 1098 f u lenfes hues tous drois en son estant
2487 917 3302 1196 o u uoit .k̶. ⟦aa⟧peler le prent
2487 982 3357 1275 d rois emp̃. ce dist. h. li frans
2482 1019 3427 1378 s i mayt dix encor dirai auant
2491 1042 3637 1466 u ous me mandastes par uo seel pedant
2486 1396 3451 1555 q; ie uenoie por faire uo ꝯmant
2480 1517 3455 1635 s i come cil qui uoꝰ par amoit ta[]
2486 1607 3414 1722 o moi uenoient mi chlr̾ uail[l]
3483 1580 3603 1690 nt
3448 1641 3579 1735 [l]ant
2483 1672 3415 1816 q; cil frans abes. ⁊ si moigne
3439 1710 3613 1831 ensem̃t
2502 1759 3517 1892 d esous paris en .i. pre uerdoia[n]
3455 1778 3558 1894 [t]
2482 1848 3553 1992 l a nous gaitoient chlr̾ ne sai qnͣt
2486 1943 3464 2054 m ais ie croi bñ qͥl en i eust cent
2473 2006 3618 2141 l es escus uismes ⁊ les elmes luisans
2477 2085 3525 2202 .i. en yot qui uenoit tout deuant
2514 2182 3588 2290 l auberc uestu lacie lelme luisant
2514 2256 3604 2377 l escu au col le fort espiel trenchant
2496 2346 3679 2453 p remiẽs les uit cil frans abes uaillans
2492 2427 3538 2542 q ñt il les uit si mua son samblant
2505 2514 3368 2613 q; si me dist bel. ⁊ cortoisem̃t
2489 2573 3585 2703 s e ie sauoie home qui fust uiuant
2502 2672 3504 2777 c ui geusse tolu .i.d̾. uaillissant
2496 2746 3721 2881 p our .i. tout seul.d̾. renderoit .i. besant
2487 2835 3572 2951 g i enuoiai mẽ frere tout deuant
2508 2917 3417 3026 q; por sauoir q̃ il aloit q̃rant
2505 2970 3469 3124 i l iala sor son cheual courant
2505 3082 3460 3203 a lui parla bel. ⁊ cortoisement
2505 3172 3573 3274 m ais ie ne sai qualerent deuisant
2505 3240 3659 3364 a inc nẽ soi mot si me soit dix aidant
2505 3318 3554 3451 s i ui celui eslongier ens el camp
2505 3414 3600 3526 m ais ie cuidai quil alast repairant
2502 3485 3650 3603 m ais mout tost fu arriere retornant
2505 3560 3461 3678 q; si feri men frere le uaillant
2495 3622 3653 3749 e ns el coste du roit espiel trenchant
2501 3724 3534 3994 [u ez ci le pl]aie qui e[st] aparissant
2496 3803 3660 4111 i e ui men frere cheir de laufferrant
2498 3917 3489 4140 q ñt ie le uile cuer en oi dolant
2487 3985 3534 4246 i e demandai cest abe en plorant
2502 4078 3498 4320 s il maideroit il. ⁊ si moigne franc
2482 4153 3451 4409 m ais il me dist bel. ⁊ cortoisem̃t
2464 4252 3514 4500 n e me seroit ne tant ne qñt aidant.
4616 645 5413 748 q ñt ie loy sen oi le cuer. dolant
4606 723 5463 825 m es .x. barons alai ie araisnant
4600 791 5491 890 q ue iamenoie de bordele le grant
4597 878 5479 962 d emandai lor sil miroient aidant
4588 931 5389 1033 q; il me dirent li chlr̾ uaillant
4573 996 5681 1122 q uil maideroient dusqua ᷤ membreᷤ ꝑdãt
4554 1052 5481 1191 i e mentornai courechoz. ⁊ dolans
4559 1136 5616 1289 m i home uinrent ap̾s moi cheuauchãt
4554 1207 5566 1362 m ais ies passai asses plus dũ arpent
4522 1271 5565 1443 u ĩg a m̃o frere gisant el pre sang lãs
4529 1356 5569 1508 q ui de langoisse saloit souueut pasmãt
4516 1446 5566 1589 d emandai lui certes tout emplourant
4495 1517 5454 1666 s e il porroit garir en sou uiuant
4466 1582 5467 1759 i l dist ne seit cõ lui iert cõuenant
4457 1657 5374 1839 i e le laissai de sus lerbe gisant
4443 1731 5225 1913 a p̾s celui alai esperõnant
4429 1797 5407 1997 m out hautem̃t li alai escriant
4438 1862 5602 2090 p or quoi as mort mõ frere le uaillant
4424 1936 5458 2155 e t cil me dist de moi feroit autant
4415 2013 5523 2253 q ue de mõ frere qͥ ert naures el flanc
4370 2194 5500 2392 d emandai lui dont il ert de q̃l gent
4401 2286 5439 2444 q; il me dist dalemaigne le grant
4415 2346 5588 2542 d ist que mes peres qñt il estoit uiuãt
4415 2444 5542 2611 l i ot tolu iii. castiaus mlt̾ uaillans
4410 2528 5463 2675 a ins neut de lui nes .i. restorem̃t
4379 2607 5425 2744 q; por tel cose il mala manechant
4411 2672 5513 2818 q uil mochirroit ia naroie garant
4417 2759 5485 2895 q ñt ie loy si lalai mout doutant
4401 2826 5481 2965 c ar haub̾c ot. ⁊bon elme luisant
4417 2933 5531 3041 q; ie nauoie fors mespee trenchant
4414 2998 5578 3131 l e mantel pris qͥ mert au col pẽdant
4405 3077 5495 3221 e ntor men brac lalai enuolepant
4415 3156 5551 3300 e t cil reuiut encontre moi poignãt
4410 3249 5467 3352 s i me feri de son espiel trenchant
4445 3327 5513 3436 q ue le mantel ala tout porfendãt
4438 3398 5560 3505 d ix me sauua par sen digne ꝯmant
4443 3468 5588 3598 q uil ne me fist de mal ne tant ne qnͣt
4419 3533 5402 3654 i e le feri tel cop en trespassant
4419 3598 5481 3724 i el porfendi dusques el pis deuant
4419 3692 5453 3803 l e cheual pris si alai retornant
4429 3752 5532 3882 u ins a mõ frere si lalai remontant
4424 3831 5477 3971 a pres labe men alai cheuauchant
4429 3896 5500 4059 q ui matendoit.⁊ aloit regardant
4466 3976 5439 4162 t out ce uit il que ie uoi deuisant
4494 4099 5607 4399 c il du bruellet furent tout coi taisãt
4527 4211 5522 4473 t ant q̃ fui loĩs une liue mlt̾ gnͣt
5677 633 6705 732 a pres tout ce ie malai regardant
5671 716 6609 803 s i ui ueuir le passet belement
5672 768 6832 907 i mal glouton qui uenoit tout deuant
5690 862 6782 987 l e cors celui aportoit tout sanglant
5677 946 6770 1058 p ar foi dist. Na̾ or sai ie uraiement
5678 1018 6795 1129 q ue ce sont uoir traytor souduiant
5674 1111 6652 1201 s ire dist .h'. por diu le roi amant
5668 1170 6658 1285 q uiroie ie toute ior sermõnant
5654 1252 6855 1368 i ai mort celui sor mon cors deffendant
5662 1328 6618 1440 t esmoĩg labe q̃ ie uoi la seant.
5659 1402 6919 1524 q; tous les moignes cui ien trai a garant
5665 1483 6618 1579 c ar ie sai bñ cõ le ua aportant
5659 1570 6748 1660 m ais ie ne sai quil est. ⁊ de quel gent.
5656 1641 6705 1756 s i sui uenus a uo court a garant
5659 1719 6633 1862 m enes me a droit emp̃. uaillant
5644 1792 6734 1913 i e sui uos pers ie le sai uraiement
5668 1880 6720 1995 c ui quaie mort a lespee trenchant
5652 1958 6782 2064 a u iugement de france uous atent
5663 2025 6748 2155 c om iugeront. baiuier. ⁊ alemant
5690 2129 6727 2228 h ues dist .k. sees uous sor cel banc
5674 2206 6795 2321 q; a me coupe buues de men uin blanc
5680 2287 6661 2380 c ar par celui qui aida moysant
5672 2346 6701 2476 i e ne sai home en cel siecle uinant
5662 2414 6720 2548 s il uous gaita q̃ nen face dolant
5687 2498 6695 2616 s e ie le tĩeg si me soit dix aidant
5677 2560 6757 2709 i e le ferai morir mout laidement
5671 2653 6776 2762 q; foi que doi au baron.s̾. uinchent
5677 2731 6770 2849 s e uous auies ocis .i. mien enfant
5680 2815 6944 2942 n ariesuous garde puis cel ior en auant
5683 2899 6817 3016 s e traysons ne uous ua encombrant
5668 2973 6876 3097 s ire dist hues cent m̾chis uous en rent
5687 3063 6751 3184 l i rois apele gaut̾. ⁊ enguerrant
5690 3134 6910 3255 s igneur dist .k̾. entendes mõ samblant
5680 3209 6910 3342 a les moi querre charlot le mien enfant
5687 3296 6646 3414 q; cil ont dit. tout a ur̃e ꝯmant
5687 3377 6916 3488 q uerre le uont mais nel trueuẽt noient
5687 3457 6888 3575 c ar amauris laportoit mort sanglant
5690 3541 6680 3656 c ouchie lauoit en .i. escu luisant
5708 3625 6764 3724 p ar deuant lui le uenoit aportant
5687 3696 6708 3796 a ces paroles que ie uoi deuisant
5668 3720 6953 3873 l e cors aportent de charlot tout sanglant
5681 3836 6934 3966 p leurent.ces dames escuier.⁊ sergant
5699 3917 6916 4044 t ordẽt lor poins lor cheuels uont tirant
5687 3988 6888 4121 q ñt li bourgois uont charlot auisant
5699 4081 6962 4211 s achies de uoir gñt duel uõt deuienant
5696 4165 6947 4292 t restout regretent charlot le ꝯbatant.
4945 4643 5187 4779 49 d
5188 4823 5295 4991 7
7111 325 7321 423 CCCIII
7264 431 7406 561 303
