8006 5587
1310 834 2259 934 q ñt il ocist charlot o le fier uis
1310 897 2266 1008 q uil estoit filz kł. de saint denis
1304 973 2095 1094 a escient a sen enfant ocis
1313 1030 2430 1176 p ar couureture uint fuiant a paris
1288 1126 2290 1260 a insi le iur par diu de paradis
1291 1213 2415 1325 s or tous les sains q̃ ie uoi deuant mi
1290 1285 2226 1415 s i li ferai par la gueule gehir
1278 1362 2517 1486 a ins quil soit uesp̾s se ensamble sõs mis
1294 1433 2249 1578 q ue par celui fu maisem̃t ocis
1297 1520 2446 1654 s en doit par droit estre a martire mis
1280 1573 2435 1718 l es sains cuida baisier li fois mentis
1310 1666 2346 1806 f aut li la iambe a poi quil ne chei
1306 1756 2297 1884 n es aprochast por trestout i.pais
1299 1811 2398 1974 l i glous cancele car il fu dieu m̃tis
1294 1880 2398 2053 c is est pariures ce dient li marchis
1304 1969 2296 2118 a uant passa li courtois huelins
1294 2043 2356 2192 p ar le poĩg destre le traytor a pris
1304 2123 2384 2267 c ome pariure le leua li meschins
1310 2213 2545 2346 d euant les sains tost sest a genous mis
1304 2295 2282 2435 e n haut parla si que bñ fu oys
1313 2379 2310 2514 o r mentendes sire dist huelins
1304 2444 2477 2597 i e sui qui iure sor les sains qui st̾ chi
1308 2532 2477 2667 q; tous les autres qui sont enparadis
1332 2607 2421 2779 c e est menchoigne q̃ cil lerres a dit
1318 2686 2286 2840 i e ne di mie cũ home uaie ocis
1322 2756 2477 2905 m ais par celui qui onq̃s ne menti
1327 2854 2347 2989 q ñt ie entrai en le cort a paris
1341 2919 2347 3068 i e ne sauoie q̃l hõme auoie ocis
1322 2993 2421 3138 q ui fu ses peres ne qui lengenui
1344 3085 2539 3215 c ertes dist labes urai sairem̃t a chi
1322 3170 2510 3310 .h̾. se drece uers les sains est guenchis
1327 3249 2454 3394 s i les baisa uoiant toz les marchis
1341 3338 2263 3459 q; ap̾s ce iiii mars dor uinst
1350 3412 2263 3538 a sses ifu qui bñ les recuelli
1345 3487 2421 3617 d ient fnͣcois cil doit estre esbaudis
1341 3566 2482 3706 p ar lui sera ie cuit li camps cõquis
1350 3645 2310 3771 l i solaus a a droiture parti
1345 3720 2314 3864 d ont sescria klm̾. au fier uis
1341 3799 2454 3948 o r tost el cãp quil ni ait respit pris
1345 3882 2314 4031 q; ie proi dieu le roi de paradis
1353 3982 2322 4106 m iracles face q̃ les puisse ueir
1359 4053 2551 4190 q ue li pariures soit hui cest ior hõnis
1362 4140 2551 4270 d ieu en souuiegne cascuns li respõdi
1356 4224 2241 4339 q u amena le cheual huelin
1355 4274 2468 4446 l enfes i monte cui ihũs soit amis
2501 712 3330 912 l estrier li tint li abes de clugni
2519 749 3474 987 l un baise lautre qñt uint au de partir
2524 861 3357 1075 d ix cõ li abes ploura por huelin
2528 903 3418 1145 s ire dist hues p᷑ diu pries por mi
2542 987 3357 1210 .h̾. dist labes certes. ⁊ ie lotri
2538 1052 3339 1303 s i uraiem̃t. ⁊ ie le sai de fi
2538 1066 3469 1392 q̾ tu nas coupes [en ce cõ ta sus]
2552 1257 3562 1457 s i te gart diex q ni soies malmis
2561 1364 3534 1527 a tant sentorne li enfes huelins
2585 1430 3582 1589 q; li frans abes ne le mist en oubli
2570 1471 3642 1666 u int au moustier deuant le crucefis
2566 1564 3688 1750 d euant lautel sest labes en crois mis
2585 1651 3560 1837 p or huon prie q̃ il ni soit hõms
2584 1708 3539 1918 q; huelins. ⁊ li quens amau[r]is
2580 1764 3721 2002 s en uont el camp sor les ceuaus depͥs
2598 1859 3610 2076 t ant les ꝯduist dus Nay̾ li floris
2598 1905 3759 2157 Q ue el cãp furent ambedoi li meschin
2613 2048 3393 2250 n i ot celui ne soit es[p]oeris
2598 2146 3586 2318 e t li rois .k̶. qui tant est poestis
2598 2276 3665 2402 i l et si home sont as cretiaus assis
2608 2365 3828 2476 d ales i aus furent. et rainfrois ⁊ henris
2603 2425 3660 2551 q; dautre part li enfes gerardins
2610 2501 3818 2619 c ascũs diaus ot.i. aniaus es pies mis
2626 2579 3786 2719 p or la bataille se sont as cretiaus mis
2622 2649 3604 2793 q ue il uoloient esgarder. ⁊ ueir.
2608 2728 3558 2877 l i q̃ls des .ii. iseroit desconfis
2617 2807 3604 2956 h e: dix cõ .k̶. proie por amauri
2612 2891 3553 3030 q; si maudist le cortois huelin
2617 2961 3642 3110 e t li baron: furent el pre flouri
2626 3040 3656 3193 s ignor dist .k̶. por diu de paradis
2626 3138 3483 3268 a les el cãp ia sera miedis
2640 3203 3595 3352 .k̶. li rois qui tant a cler le uis
2657 3280 3852 3429 l e uous ꝯmande par moi. ⁊ iel uous di
2752 3347 3846 3515 Aron dist Nay por diu or mentendes
2743 3422 3805 3584 uoies le roi sor les cretiaus montes
2570 3421 2766 3603 B
2636 3515 3590 3673 q; les barons entor lui acoltes
2631 3519 3870 3766 q ui uous [esgardent por diu si uꝰ hastes
2644 3706 3796 3845 e ntres el camp de par saint honore
2650 3808 3539 3920 q; il respondẽt a ur̃e uolente
2659 3873 3846 4036 d euers lentree sont maintenãt torne
2654 3966 3795 4106 s i cõ il durent dedens le camp entrer
2650 4050 3474 4162 l i emp̃ ꝯmencha a crier
2659 4139 3711 4236 i e ueul encor . i peu a iaus parler
2682 4204 3711 4315 d ont les a on ambedeus ramenes
2673 4283 3711 4409 d euant le roi en sont uenu ester
4741 637 5300 726 d ist lemp̃. faites pais a [mocs]
4727 689 5444 805 i e [uo]us di bñ si me puist dix sauuer
4703 740 4899 875 .h̾. dist .k̶.  []
4960 744 5351 828 [ertes] bñ uous gardes
5011 791 5314 893 [mi] dix est apeles
4694 828 4978 949 que par celui [q]
4685 884 5053 1005 s e uous auies dant [ ]
5095 842 5379 987 [a]mauritue
5169 926 5290 1042 []eres
4666 959 5160 1061 s il ne gehist uo [t]ere perd[]
4652 1024 5267 1131 s ire dist .h̾. ce seroit crualtes
4648 1089 5411 1205 p ar fui dist Nay̾ onq̃s mais noy tel
4643 1159 5402 1275 g ardes frans rois q̃ cest q̃ dit aues
4606 1215 5458 1359 c ar tort leur faites par diu de mayste
4606 1285 5439 1433 p ar diu dist .k̶. ie nen ferai riens el
4582 1350 5262 1489 q ue sil nel font cõ ci lai deuise
4559 1401 5267 1578 i e les ferai fors de la loi geter
4536 1466 5281 1643 e ntel maniere cõ porres deuiso[r].
4522 1531 5290 1722 il perderont toutes lor yretes
4620 1601 5304 1811 ntendes moi dist .k̶. amauri
4471 1685 5295 1955 s e uous auies .ħ. en camp ocis
4601 1666 5435 1890 autel uous d[i] ge si me soit dix amis
4466 1745 5323 2053 s i mait dix sachies sil ne gehist
4433 1773 5397 2169 m ais netenries plain pie de. uo pais
4410 2090 5369 2295 [i amais nul ior tant co ie so]ie uis
4424 2174 5435 2374 s ire dist Naĩ. por les sains q̃ dix fist
4429 2258 5416 2453 u ous faites tort a ces barons de pris
4419 2341 5369 2509 c ar en uoit bñ .i. campion morir
4442 2439 5348 2573 q ue il ne puet ne parler. ne gehi[r]
4445 2517 5233 2653 n e mencaut uoir k̾lm̾. a dit
4433 2579 5267 2728 s i mayt dix autrem̃t nira il
4429 2635 5416 2788 m ais hastes uous ie uous reqͥer. ⁊ pri
4447 2746 5351 2872 c ar mlt̾ desir q̃ li cãps soit fenis
4433 2830 5402 2951 d ont les remanient li chlr̾ de pris
4433 2909 5453 3026 q; sappareillent. ⁊ ont lor adous pris
4429 2984 5281 3105 .h̾. sachesme qui ot le cuer hardi
4433 3072 5276 3184 a son col pent .i. escu dazur bis
4410 3142 5411 3273 p uis lace lelme ou lescarboucle sist
4410 3226 5365 3356 p rist .i. espie au penõcel porpriu
4410 3296 5365 3440 p uis sentorna si a le congier pris
4410 3356 5290 3515 a ses barons quil amena o lui
4424 3431 5374 3608 e l camp entra ni a fait nul detri
4396 3482 5192 3715 q; ausi fist li cuiu̾s amauris
4452 3640 5458 3948 e l camp entra qui estoit bñ garnis
4466 3743 5332 4059 q nͣt il fu ens li traytres falis
4503 3841 5328 4101 i l eslaissa le bon cheual de pris
4512 3901 5486 4153 a utour francois est arr̾e. guẽchis
4559 3994 5449 4227 g rans .fu. ⁊ fors ⁊ espes par le pis
4587 4097 5318 4306 c hlr̾s fu corageus. ⁊ hardis
4485 1624 4621 1764 E
6739 442 6962 619 charlot
4806 389 6415 675 ensi co[nm]e hues se combati a a mauris de uies mes pour le mo[te]
5635 502 6226 740 s e il ne fust traytres[$]
6492 493 6720 730 [$$$$$$]
5630 600 6259 800 i a ni durast li cortois di
6450 675 6627 791 [$$$ns]
5649 675 6273 856 m ais ne croit dieu ne p[$]
6441 754 6818 870 [$$$$$$] [s]arr̾.
5640 758 6231 949 a pres entra li court
6366 814 6673 945 []s huelins
5630 865 6795 1033 s imples. ⁊ cois mais [] ne fu abaubis
5658 977 6701 1080 s ouuẽt reclaime le roi de paradis
5654 1033 6771 1201 b iaus [f]u li enfes de mẽbres. ⁊ de uis
5755 2048 6680 2132 R sont el camp li doi baron entre
5579 2053 5751 2234 O
5742 2104 6850 2206 dune part fu amauris de uies meis
5649 2194 6730 2296 g rans fu ⁊ fors ⁊ ricement armes
5644 2267 6753 2388 g randres fu de .h̾ . i. gnͣt pie mesure
5654 2341 6529 2458 s ot .l. ans daage trespasse.
5654 2430 6478 2537 e t .h̾. fu iosuen bacelers
5668 2509 6701 2635 n auoit [enco]r uĩt.⁊ iii. ans passes
5644 2588 6701 2719 d autre part fu toz cois enmi le pre
5649 2667 6734 2788 l e chief tenoit desous lelme encline
5654 2756 6557 2863 q; nõ porqnͣt ie uous di uerite
5658 2826 6767 2937 i l ne fu mie cõ uilains empruntes
5649 2895 6715 3040 n e abaubis ne de riens abosmes
5640 2970 6715 3114 m ais iries fu. ⁊ hardis cõ senglers
5640 3063 6669 3198 s ouuẽt reclaĩme le roi esperitel
5644 3151 6632 3268 q; li dus Nai̾ sest en haut escries
5668 3221 6664 3361 b arõ dist il por quoi uous detries
5640 3300 6701 3436 a les ensamble de par saint hõnere
5658 3384 6613 3515 e t ie proi diu le roi de mayeste
5654 3440 6743 3598 l e droit nous laist ueoir et esgard̾̾
5654 3529 6720 3678 q ue li pariures i soit hui uergõdes
5654 3626 6613 3743 s i q̃ il soit pendus. ⁊ traynes
5668 3701 6757 3836 h e: dix le ueulle ce respont li barnes
5672 3780 6771 3943 d ont sentreslongẽt li campiõ priue
5658 3873 6599 4022 m ien escient .i. arpent mesure
5663 3952 6510 4087 .h̾. brocha le destrier abrieue
5686 4027 6664 4218 d ant amauri aruiste cop dõne.
5090 4618 5146 4762 d
4957 4682 5094 4820 52
5249 4603 5358 4727 10
7176 449 7400 528 CCCUI
7279 552 7419 710 306
