8006 5587
4461 1457 4589 1610 S
4587 1452 5495 1736 igneur o[i]es que ihũs bien uous fache
4447 1559 5346 1857 b one canchon estraite del lignage
4559 1522 5407 1783 l i glorieus q[u]i nous fist a symage
4382 1652 5174 1988 q; de huon de bourdele le large
4438 1620 5276 1922 d e charlemaine a ladure corage
4396 1745 5286 2090 e t dauberon le petit roi sauuage
4391 2006 5435 2299 q ui tout son tans conuersa en boscage
4387 2150 5416 2379 c il auberons qui tant ot uasselage
4382 2225 5337 2444 s achies quil fu [fi]ls Julien chesare
4377 2323 5388 2514 q ui tint hongrie une cite sauuage
4368 2421 5234 2583 q; osterice. ⁊ trestout lyretage
4363 2476 5463 2663 c onstantinnoble tint il tout son eage
4373 2560 5509 2723 .u ii. liues grans fist faire entor murage
4377 2635 5435 2793 q ui ua entor dusqua la mer sauuage
4373 2719 5374 2886 J ules ot fẽme une fee mout sage
4368 2793 5481 2951 m orgue ot anon mout ot cler le uisage
4360 2877 5379 3021 c ele fu mere auberon le sauuage
4377 2947 5537 3114 h ui mais orres canchon de fier lignage
4508 3040 5495 3189 igneur oyes q̃ dix uous puist aidier
4396 3094 4496 3263 S
4489 3124 5444 3254 s i faites pais et laissies le noisier
4387 3198 5458 3314 s orres canchon qui mlt̾ fait aprisier
4396 3282 5518 3380 d e charlemaine qui france a baillier ot
4391 3342 5281 3463 e t de huon le nobile guerrier
4401 3408 5295 3538 q; dauberon le noble cheualier
4401 3491 5407 3612 e n son estant not de lonc q̃ iii. pies
4405 3547 5253 3692 q; sert faes de urete le sachies
4410 3617 5528 3794 c e fu a penthecouste .i. haut ior enforcie
4415 3692 5337 3878 q ue a paris tint cort. klm̾. li fiers
4387 3757 5262 4008 a sses i ot alemans. ⁊ baiuiers
4489 3943 5402 4455 q; loherrens. bretons. et hainuiers
4559 4050 5481 4516 e t braibenchons angeuins. ⁊ pohiers
4592 4139 5477 4590 g rans fu la cours des barons chlr̃s.
4722 405 6632 581 chi conmenche li roumans du roi auber on ⁊ de huon de bordele ⁊ du roi
4755 502 5104 614 charlemainne
5649 592 6671 679 e t des engles iot bien trois milliers
5644 656 6594 777 l i rois tafurs i fu com cheualiers
5640 721 6604 847 d e ca⟦m⟧nbresis ⁊ dartois ce sachies
5644 791 6585 926 e n iot mout de bachelers legiers
5634 881 6671 1018 q ui uolentiers ferroient sor paiens
5630 935 6729 1084 l i rois a fait sa grant table drechier
5631 1021 6720 1151 e ntre ses pers sest assis au mengier
5612 1104 6699 1238 m ais li douzismes fu hues au uis fier
5598 1177 6715 1312 c il do bordiaus dont ie ueul ꝯmencier
5612 1275 6580 1406 m ais ni ert une li iosuenes chlr̃s
5602 1336 6790 1466 a s tableᷤ seruent plus de cent boutillier
5612 1420 6632 1550 q; autretant qui furent despensier
5612 1480 6818 1638 d es rices mes ne mestuet plus plaidier
5597 1592 6736 1697 e t qñt il orent asses but. ⁊ mengiet
5612 1638 6729 1783 l es napes traient sergant. ⁊ escuier
5602 1731 6515 1871 l i rois apele ses barons chlr̃s
5593 1801 6687 1927 s igneur dist il faites pais si moyes
5598 1880 6743 2015 u ius sui. ⁊ fraisles si ai le poil cangiet
5593 1960 6492 2099 l x. ans a q̃ ie fui cheualiers
5602 2039 6846 2188 l i cors me tramble sous lermin entalliet
5593 2113 6809 2258 i e ne puis mais errer ne cheuauchier
5602 2211 6720 2337 s i uous requier por diu le droiturier
5616 2276 6720 2421 f aites .i. roi ie uous en ueul proier
5626 2360 6650 2518 q ui tiegne france. le pais et le fief
5621 2448 6846 2583 s ire dist namles pour diu le droiturier
5640 2528 6627 2663 l aissies ester ichou q̃ reprochies
5618 2604 6754 2722 a les uous ent a rains larceuesquiet
5631 2691 6786 2809 a saint omer ou el gnͣt bourc dorliens
5621 2756 6646 2895 p uis a paris en uo palais plenier
5626 2844 6646 2965 q; si uous faites seruir. ⁊ aaisier
5626 2905 6701 3058 n ous garderons uo pais. ⁊ uos fies
5616 2989 6701 3142 s e uous gisies xl ans tous entiers
5634 3075 6767 3206 s i series uous cremus et resoignies
5635 3151 6673 3291 s oies en pais. si buues.⁊ mengies
5631 3237 6776 3377 n amles dist .k̾̾̾. por noient emplaidies
5621 3310 6622 3440 c ar par celui qui tout a abaillier
5630 3384 6683 3519 c ele courõne qui toute est dormier
5640 3445 6748 3598 n e montera iamais desour mõ chief
5626 3533 6590 3687 a ins uous requier nobile chlr̃
5602 3612 6650 3757 q ue faites roi qui tiegne lyretie
5606 3693 6838 3836 s ire dist .n̾. puis qua plaisir uous uĩet
5621 3777 6730 3917 s i nous aidies biaus sire a consillier
5630 3841 6818 4004 c ui ferons roi pour maintenir le fief
5621 3934 6720 4097 b̾ arons dist .k̶. por diu cor leslisies
5630 4008 6743 4208 p̾ udes charlot le fil de ma moullier
6953 321 7279 549 CCLXXXXUII
4950 4917 5118 5074 43d
7185 458 7283 568 2[97]
6017 4772 6105 4907 1
6087 4800 6347 4953 Pag 54
