8006 5587
1276 619 2282 791 l ui et Gerart sen frere le meschin.
1269 735 2225 838 c harlot apele com ia porres oyr
1269 822 2188 924 e t charlot sire ce a dit a mauris
1263 893 2287 990 u ez ci ou uienet li doi enfant seuin
1260 971 2424 1077 s e tu nes fais tous maintenant morir
1251 1055 2287 1148 d ont ne te pris uaillant .i. paresis
1263 1139 2297 1235 u r̃e est la terre. ⁊ a uous doit uenir
1251 1222 2138 1319 s i le deues p̃merains enuair
1257 1297 2213 1387 q; dist charlos ie ferai uo plaisir
1263 1359 2284 1465 h ors du bruellet li traytres sen ist
1248 1433 2296 1555 q; de la route maintenant semparti
1248 1522 2165 1638 l escu au col lacie lelme burni
1248 1596 2361 1704 l espee chainte dont li brans fu forbis
1248 1671 2333 1797 l e cheual broce si sest au chemĩ mis
1248 1745 2379 1866 l aissons laler signeur dist amauris
1243 1825 2272 1927 l i male honte li puist hui auenir
1244 1905 2433 2008 d ameldix doinst quil ne puist reuenir
1232 1989 2219 2079 s i ait la mort q̃ le puissons ueir
1263 2060 2405 2160 f rance iert sans hoir si tenrai le pais
1210 2132 2351 2248 a ins q̃ lans past aurai .k̶. mourdri
1229 2225 2377 2331 e t charlos uint le pas trestout seri
1206 2286 2244 2402 p remiers les uit li abes de clugni
1220 2365 1998 2486 .h. apele si la araison mis
1234 2444 2324 2551 b iaus mes dist il entendes cha a mi
1220 2523 2240 2630 e n cel bosquet uoi la elmes luisir
1224 2607 2133 2709 c i en uoi .i. uenir mout aati
1224 2681 2133 2793 l escu au col lacie lelme burni
1215 2760 2417 2872 l a lance ou poĩg ⁊ chaint le branc forbi
1238 2836 2328 2951 b i au tres doz nies dist li abes gentis
1206 2909 2351 3049 p or lamor diu qui onques ne menti
1201 2993 2389 3110 s e uous aues a autriu riens mespris
1210 3063 2296 3189 u ers home nul qui de mere soit uis
1202 3165 2325 3265 s ales auant por ur̃e wage offrir
1201 3228 2235 3336 a mendes lui si li uient a plaisir
1204 3321 2225 3417 q; ie uous iur les sains de paradis
1210 3384 2268 3505 p our i.d̾̃. renderai marc dor fin
1192 3459 2249 3575 s ire. dist .h. dix le uꝰ puist merir
1207 3557 2281 3659 u ous dites bñ de dieu .uͨ. merchis
1204 3631 2272 3743 m ais par celui qui onq̃s ne menti
1192 3692 2365 3831 i e ne sai hõme tant cõ dix soit seruis
1193 3789 2081 3901 s i mait dix de cui soie hais
1210 3873 2349 3988 n e quainc tolisse uaillant.i. parisis
1201 3945 2334 4069 q; nõ pourqnͣt biau frere guerardin
1198 4038 2148 4134 e t car i ua por diu de paradis
1182 4106 2268 4232 s auoir quil ueut qui uiẽt si aatis
1198 4205 2166 4326 f rere dist il tout a ur̃e plaisir
2471 645 3396 748 l e cheual broce si est u̾s lui guenchis
2467 701 3399 810 e nu̾s charlot en ua tous assouplis
2477 775 3346 887 m out belement a escrier le prist
2468 828 3343 977 f rans chlr̃s ce a dit Gerardins
2483 906 3389 1055 s i mait dix bñ puissies uꝰ uenir
2482 949 3432 1145 e stes uous gaite gardes uꝰ le pais
2483 1036 3504 1226 s e riens deuons par diu de paradis
2508 1117 3507 1297 u ous laueres uolentiers non enuis
2487 1177 3586 1382 d ont estes uous dist charlos au fier uis
2489 1312 3188 1458 q; dist .G. ia le porres oir
2477 1331 3479 1573 i e sui tout droit de bordele la chit
2491 1410 3518 1634 e t si fui fix le uaillant duc seuin
2505 1467 3590 1707 u ez la mon frere qui aĩsnes est de mi
2505 1558 3545 1797 c hlr̃s est mlt̃ preus. ⁊ mout hardis
2511 1676 3371 1837 s i en alons ale cort a paris
2501 1731 3376 1941 l e roi.k̶ uisiter. ⁊ seruir
2491 1857 3590 2074 s s e nous auons ne tolu ne mespris
2514 1992 3476 2107 a hõme nul qui de mere soit uis
2508 2064 3486 2172 d roit en ferons a le cort a paris
2505 2141 3641 2272 c om iugeront li prince ⁊ li marchis
2492 2231 3647 2340 e t dist charlos por noiant laues dit
2502 2312 3656 2427 e l ne queroie par le cors saint denis
2495 2389 3542 2483 q ue ur̃e cors dix en soit beneis
2487 2458 3516 2570 a sses deues si me soit dix amis
2498 2538 3672 2666 c ar ur̃e peres trois castiaus me toli
2492 2625 3573 2734 o nques nen poi de lui miliu ueir
2489 2694 3557 2812 G er̃. lentent tous li sans li bouli
2486 2790 3672 2883 o u uoit charlot. mout belement li dist
2508 2849 3554 2958 h e: gentils hom pamor diu m̾chi
2495 2951 3498 3038 t u ies armes.⁊ ie sui desgarnis
2489 3013 3672 3131 t as bon hauberc . ⁊ chaint le bñc forbi
2492 3103 3467 3197 q; ie sui nus el bliaut de samin
2491 3165 3493 3287 s i nai espee ne nai espiel burni
2492 3262 3740 3364 d ont ie me puisse uers ton cors garãdir
2495 3339 3641 3442 h e: gentilz homs caueras tu cõquis
2489 3423 3594 3516 q ñt uous mares detrenciet. et ocis
2492 3491 3579 3594 p our lamor diu aies de moi merci
2486 3569 3681 3678 e ncor uous dis ie loialm̃t sans mentir
2483 3640 3672 3758 u ez la mon frere qui ainsnes est de mi
2480 3737 3389 3836 q; ua a cort au roi de s̾. denis
2474 3789 3669 3926 q ui nous manda certes par ses escris
2483 3886 3585 4022 s e nous auons ne tolu ne mespris
2487 3962 3595 4213 d roit en ferons cõ diront li marchis
2468 4041 3567 4288 q; dist charlos par le cors saint denis
2463 4129 3493 4353 n ient nen ferai foi q̃ doi mes amis
2463 4222 3432 4432 c ar par celui qui dix est posteis
4648 535 4865 652 .n e men[]
4843 544 5481 679 gerai tant que tu soies uis
4629 631 4797 730 i l n[]
4801 660 5556 744 ous couuient de male mort morir
4606 693 4745 800 g a[]
4745 716 5551 842 rdes uous bñ car ie uous uois ferir
4592 754 4652 852 G []
4685 768 5486 926 erars lentent tous li sans li fremi
4569 822 5407 991 [S] ire dist lenfes certes ce poise mi
4564 889 5300 1080 l enfes .G. a le cheual guenchi
4522 949 5504 1177 c ar uolentiers uers huon reuenist
4508 1024 5360 1261 m ais tant le coite li cuiu̾s maleis
4494 1080 5481 1345 q ue ne sen puet li quẽs .G.guenchir
4447 1140 5290 1396 n e si ne pot uers huon reuenir
4424 1201 5491 1508 e t charlos hurte le bon cheual de pris
4396 1261 5304 1582 e nuers .G̾. sen uient tous aatis
4382 1485 5430 1801 q; si le fiert es ⟦bra⟧ dras de biauuesis
4371 1648 5369 1857 q ue il li perche le penne de lermin
4393 1718 5253 1922 q; puis apres le chemise de lin
4381 1783 5438 1992 p ar mi le cors le roit espiel li mist
4419 1862 5416 2057 p ar dautre part .i. gnͣt pie resorti
4424 1950 5346 2127 p ar le wibus lespiel li cõduisi
4415 2011 5355 2202 n el ocist mie car dix nel cõsenti
4429 2101 5249 2253 q; nõporqñt la il si mal bailli
4414 2182 5274 2327 q ue du cheual a terre la bati
4405 2244 5486 2430 l enfes se pasme qñt languisse senti
4411 2358 5494 2483 q nͣt le uoit labes qui estoit de clugni
4391 2421 5504 2579 s achies de uoir mout ot le cuer mari
4391 2486 5579 2653 o u uoit huon tout emplourant li dist
4408 2582 5538 2709 m ors est tes freres dist li abes gentis
4401 2658 5314 2793 s ire dist .h. certes ce poise mi
4405 2742 5472 2872 h e: las dolans con lait encõtre a ci
4396 2816 5425 2956 e : douce mere soues le nourresis
4405 2900 5374 3054 b ñ sai de uoir le cuer ares parti
4405 2979 5388 3100 s ainte marie q̃ porrai deuenir
4410 3072 5453 3198 c onsillies moi sil uꝰ uient a plaisir
4419 3161 5332 3268 p uis sescria huelins li gentis
4410 3231 5435 3342 m aideres uous o uous abes henris
4401 3310 5411 3422 p or lamor diu mõ droit a retenir
4396 3384 5514 3505 c ar par celui qui onques ne menti
4401 3445 5402 3589 g irai sauoir ꝯfais homs la ocis
4401 3519 5281 3696 i e lochirrai ou il ocirra mi
4419 3561 5640 3910 b iaus nies dist labes poruoĩet laues dit
4461 3701 5495 3999 s ouffres uous ent p᷑ diu qͥ ne mẽti
4485 3808 5431 4073 h ues respont maluais ꝯseil a ci
4503 3901 5248 4129 c est ce q̃ dites alons i aati
4524 3962 5416 4189 n ous ne poons li albes respondi
4559 4041 5458 4255 n ous somes p̾stre si somes benei
4587 4129 5518 4348 n e poons estre ou preudõs soit ocis
5628 561 6717 682 h e: dix dist hues com mal parent a chi
5628 642 6503 748 m aideres uous mi chlr̾ gentil
5618 704 6695 831 q; cil respondent oyl dusquau morir
5615 775 6733 918 s igneur dist .h. dix le uꝰ puist merir
5609 887 6574 993 .h. sentorne courechous .⁊ maris
5621 959 6524 1098 i l et si home sont de labe parti
5600 1033 6658 1173 q nͣt le uoit labes li cuers li atenri
5597 1104 6897 1263 t enrement pleure des biaus iex de son uis
5600 1213 6447 1334 q; prie dieu le roi de paradis
5607 1271 6445 1420 h uon garisse q̃ il ni soit ocis
5602 1350 6669 1513 i l .⁊ si home se sont au chemin mis
5609 1449 6605 1570 q; cheuauchent belement. ⁊ seri
5607 1494 6711 1666 p our regarder les ruistes cops ferir
5618 1589 6717 1738 c ar sauoir ueulent sil escaperont uif
5615 1672 6668 1800 e t hues broce le bon cheual de pris
5624 1753 6674 1880 u int a son frere qui gisoit el larris
5618 1828 6540 1970 q ñt il le uoit si la araison mis
5626 1904 6529 2043 f rere dist il por diu de paradis
5643 1992 6559 2107 q; car me di se tu porras garir
5630 2053 6538 2216 i e ne sai hue li enfes respondi
5630 2137 6594 2281 s i mait dix ie sui pres de morir
5626 2216 6711 2351 p enses de uous car il est mẽs de mi
5644 2304 6646 2453 f uies uous ent por diu de paradis
5649 2374 6725 2514 c ar en cel bos ui maint elme luisir
5649 2455 6860 2604 q nͣt.h. lot mout grans pities lemprist
5668 2532 6641 2672 f rere dist il por noient laues dit
5668 2579 6813 2765 i a dieu ne place qui en la crois fu mis
5674 2697 6609 2830 s e tu demeures q̃ ie escape uis
5659 2750 6711 2914 n e que mais uoie de bourdele la cit
5662 2849 6627 2998 s i sauerai cõ fais homs ta ocis
5649 2919 6613 3077 i e lochirrai ou il ochirra mi.
5658 3007 6701 3161 a dont brocha le bon cheual de pris
5668 3072 6790 3249 o nq̃s ses homes tant ne qñt natendi
5659 3178 6720 3321 a pres charlot a randõner se prist
5659 3252 6736 3395 q ui sen aloit uers le bruellet foilli
5668 3339 6621 3476 q ñt il perchut que hues le suy
5683 3404 6714 3553 d ont cheuaucha belement. ⁊ seri
5674 3485 6754 3634 m out les regarde li cuiu̾s amauris
5680 3553 6786 3709 e z uous huon qui sescrie a haus cris
5699 3650 6730 3792 u assal dist il tu mes pas mes amis
5696 3743 6658 3879 d i moi ton non ⁊ de cõfait pais
5699 3827 6609 3951 q; dist charlos ia le porras oir
5718 3882 6876 4038 d roit dalemaigne fix sui au duc tierri
5702 3985 6559 4128 .h. cuida que il uoir li desist
5702 4044 6941 4224 c ar de ses armes not pas son cors garin
5019 4540 5097 4668 d
4923 4599 5047 4742 47
5057 4655 5146 4846 5
7133 359 7273 461 301
