7658 5466
1093 561 1995 671 a ins lor ira ie croi demal enpis
1087 640 2099 737 c ar Roh̾. ot son cinsinier tramis
1088 696 2113 806 a un castel con nomoit mont tigris
1075 774 2113 888 c ar il uoloit estre audisner seruis
1061 851 2127 979 d e bien bons mes ensilauoit apris
1052 920 2072 1043 l i cuisiniers ne sest pas alenteis
1038 997 2150 1120 t ant cheuaucha qualahaie achoisis
1034 1079 2150 1202 l es enbuschies tous enfu abanbis
1020 1166 2113 1289 i a ert li iors du solail es clarchis
1011 1248 2282 1375 p our che uit bien que chasꝯs ort garnis
1023 1345 2187 1448 p lus tost qil pot est ariere guencis
1011 1427 2241 1536 t ant cheuaucha uaus ⁊ mons ⁊ larris
1015 1503 2141 1617 q ͣ roh̾. uint dont li crie ahaus cris
1025 1580 1968 1689 s ire . roh̾. de ce soies tous fis
1006 1653 2072 1767 q ue ie me donc que ne soies trais
1193 1744 2136 1862 ant. Roh̾. ot parler le cuisinier
993 1744 1179 1981 Q
1189 1831 2204 1944 courtoisem̃t. lenprist aaraisnier
1006 1903 2109 2026 d iua fait il trop teuoi esmaier
1006 1972 2022 2108 c as tu uen nelme dois noier
1015 2067 2109 2181 s ire dist il aceler ne uous quier
1002 2145 2109 2259 e n cel hant bos iuic maint chlr̾
1011 2227 2200 2336 b ien sont arme sont maint corãt dest̾
984 2309 2232 2436 b ien uous cuident ce mest uis empirier
979 2405 2031 2500 i e les oi desoibant murmestier
1002 2468 2113 2591 u ous meismes lor oi manecier
993 2546 2113 2673 b ien uꝰ cuident ocire ⁊ de trencier
1002 2628 2068 2764 r oh̾. li dist siles saroit prisier
1015 2705 2195 2846 li cuisiniers li dist causien cuidier
1006 2796 2195 2928 e ns ubos sont pres de demi millier
1006 2865 2122 2997 r oh̾. en rist nen fist fors q̃ mo kier
1006 2947 2122 3088 n esamble pas qͥl sendoie esmaier
1015 3047 2122 3165 i anelaira pour ans le cheuaucier
1002 3124 2218 3238 m ais ses cousins tous .iii. a fait hucier
1002 3202 1972 3316 b aron dist ordel aparillier
1006 3288 2109 3407 a rmes uous tost nedeues detriier
1025 3366 2204 3493 c ar ie leur well mousteͤ ains lanuitier
1011 3443 2204 3562 q ue ne les dout uallissant .i. denier
1020 3521 2118 3653 d ont sarmerent trestot lisoldoier
1006 3625 1986 3739 l i chlr̾ et tout li escuier
1011 3701 2263 3823 q nͣt arme sont mlt̃ font aresongnier
1015 3780 2122 3908 .uiii. xx. furent chasꝯs ot le cuer fier
1006 3853 2191 3999 n ia celui qui nait hauberc doublier
1006 3930 2095 4067 e t bacinet ⁊ bon elme dachier
1020 4017 2232 4163 e t branc trenchant p᷑ son cors reueng̾r
1015 4099 2214 4286 q ant cheuenra ales tour ꝯmencier
1170 310 3388 519 ensi con sarsapon ⁊ li gent le roi godin se combatirent as maiteurs a le haie
2322 533 2529 723 L
2557 510 3341 646 es gent Roh̾. arme sont uistement
2341 646 3403 810 b ien sont .uiii . xx. plain degnͣt hardement
2592 569 3444 724 quant arme sont du tout alortolent
2345 728 3174 898 r oh̾. le sa ordenes sagement
2341 769 3352 970 s oibant le rous apelle isnellement
2359 824 3375 1052 e t h̾quenbant dit lor a doucement
2350 892 3375 1125 b aron dist il ie uous aim loiaument
2360 968 3441 1196 e n uous mafi bien sai certainnement
2359 1029 3448 1279 q uelehustin arons prochainnement
2355 1120 3384 1371 u ers lahaie ires premierement
2357 1323 3450 1518 s ien menres de sol[$$$]ers un cent
2346 1402 3507 1626 l a gent halpon neresongnies noient
2350 1498 3498 1671 u icloire arons parlemien essient
2359 1571 3512 1753 i ou ⁊ hachars conduirons ñre gent
2355 1658 3403 1812 .lx . sont arme mout ricement
2357 1749 3472 1888 o r cheuauchies hui mais seurement
2357 1822 3517 1964 d ont niot plus fait lonc ser monem̃t
2350 1894 3439 2031 u ers le haie sen uont serreement
2346 1990 3439 2118 d uscalagait ne font arestement
2345 2080 3526 2189 q ant sarsa pons les uoit plus niatent
2346 2145 3539 2282 i l et halpons furent forment dolent
2341 2241 3471 2350 ccc. furent que cousin que parent
2346 2313 3389 2441 h ors de la gait issent ireement
2359 2400 3330 2518 d e lasalir ne furent mie lent
2366 2487 3529 2596 n eles uaurent manecier autrement
2351 2565 3541 2678 a ins se [furent] ent en ausmlt̃ uistement
2346 2641 3475 2769 l a ueissies meruillons caplement
2346 2728 3553 2851 s e bien ifierent on les refiert souuent
2345 2818 3538 2915 m aint branc dacier iueissies sanglent
2346 2892 3489 3051 l agent. roh̾. asprement sedes fent
2546 3885 3407 4063 lahaie ꝯmencha li a ssans
2373 3970 2547 4154 A
2373 4113 3434 4441 p ar forche ront la p̾sse des cheuaus
2555 3903 3553 4158 bien seꝯtient enlesto ur h̾qũebaus
4141 517 5066 724 b ons chlr̾s ert mais ne fu pas loiaus
4113 610 5038 806 l i soudoier deseruent bien lors sans
4118 692 4910 851 e s sarsapon uenu oses uassaus
4090 778 5047 956 e nhaut crioit ou est lirons soibans
4091 844 4942 1011 li fel cuiu̾s qͥtant afait demaus
4040 915 5029 1120 m on oncle amort dont il a fait ꝯfaus
4036 992 4947 1188 h ui en morra pris en est li consaus
4008 1056 5033 1270 l e cheual point qͥ li pourpnͣt gnͣs sans
3986 1106 5002 1380 a ubranc dac̃ lor donne ruistes caus
3917 1361 4938 1621 b ien seꝯtient ꝯuassaus naturaus
3900 1461 5061 1703 d e sanc estoit ses brans dacier u̾maus
3905 1539 5043 1771 g rans fu lestours dolerous ⁊ mortaus
3936 1621 5038 1831 n esanbloit pas q̃ ce fust ius ne baus
3936 1699 5029 1899 d e la grant noise retentissent ligaus
3925 1781 4920 1954 d ambes .ii. ꝑs fu li estours igans
3940 1831 5043 2036 b iaus fu litans clers luisoit li solaus
3940 1931 4992 2104 m iedis ert mlt̾ estoit li iors caus
3908 1990 5056 2181 m ais ains pour chou necessa liencaus
3949 2081 5052 2250 a sbrans dac̾ se font escors gnͣs traus
3945 2159 5052 2341 t rencent ipoins bras ⁊ pies ⁊t boiaus
3954 2241 5052 2405 u̾ melle en est la montaigne ⁊ li uaus
3958 2313 5047 2482 qͥ saseoit ses cors nestoit pas saus
3963 2395 5093 2537 r oh̾. amoit les siens damour coraus
3963 2473 5093 2610 a hach̾. dist par ma foi trop poi uaus
3945 2550 5106 2701 q nͣt ne lor fais remouuoir lor estaus
3963 2619 5193 2787 o r uous proi tous que nꝰ pongños aans
3954 2723 5073 2855 n eles tenra ne cengle ne poi traus
4118 2819 5052 2933 oh̾. adont en lestour sest ferus
3945 2831 4118 3029 R
4122 2887 5052 3029 o .lx. des siens lor courut sus
3990 2965 5207 3106 h alpons li grans dautre part est uenus
4004 3042 5056 3165 f erir seuont des espĩns es molus
3986 3133 5038 3265 l a fu lestours m̃ uillous ⁊ cremus
4004 3193 5207 3320 h alpons fu fors car mlt̾ estoit mẽbrus
4018 3279 5097 3407 p on[t] saligant estoit mlt̾ irascus
4004 3361 5097 3489 e nson uenir ena .ii. pour fendus
4004 3434 5138 3539 p uis siert letiert cis ert aroh̾. drus
4013 3507 5138 3639 s es parens ert poi li uaut ses escus
4008 3584 4947 3721 q ue le ceruel lia abatu ius
4013 3644 5084 3789 c hus sent lamort alat̾re est kaus
4008 3707 5102 3885 de lui niert mais nus estris mãitenus
4068 3807 5147 4104 b ien secontient halpons li mescreus
4113 3926 5152 4176 il ⁊ li sien tienent les brans tous nus
4141 4026 5038 4245 e nlor uenir iot mout dabatus
4168 4126 4828 4295 r oh̾. ia des amis perdus
4168 4167 5143 4395 e t nonp᷑ qͣnt ne setrait pas en sus
1170 4450 1359 4601 115
5273 628 6382 740 a ins secontient con uassaus ꝯneus
5248 701 6368 824 i l ne doit pas estre acouars tenus
5249 774 6424 883 o u uoit halpon uers lui est acourus
5246 853 6309 977 c uiu̾s dist il tu soies confondus
5216 911 6455 1047 p etit mames bien mẽ sui aperchus
5225 988 6400 1129 d e mes homes greuer estes esmus
5225 1074 6482 1238 l i g̾redons uous en iert kiers rendus
5211 1147 6309 1307 i a deuos gens neseres secourus
5207 1229 6437 1375 l e cheual point qui fu fors ⁊ grenus
5236 1311 6345 1457 u oile halpons tous enfu es ꝑ dus
5236 1381 6482 1539 e n la presse dessiens il sest tost ẽbatus
5230 1481 6500 1627 c ar cestoit cis umont q̃ il haoit leplus
5457 1553 6437 1689 oh̾. fu fiers siot cuer de lyon
5207 1588 5484 1803 R
5503 1607 6573 1776 ou uoit halpon se li crie ahaut ton
5255 1724 6324 1852 c uiu̾s dist il taies maleichon
5255 1782 6512 1928 q nͣt si destruis magent sans o coison
5261 1872 6414 2022 t u conparras lamortel traison
5267 1943 6406 2101 q̾ tu affait ⁊ tont ti conpaignon
5257 2013 6482 2163 i a detencors nenprendrai raenchon
5275 2090 6528 2254 f ors delamort dont sa fice en larchon
5289 2186 6427 2323 u ers lui sen uait acoite des poron
5289 2259 6523 2395 ⁊ li cheuans keurt sous lui derandon
5298 2327 6523 2491 u oile halpons au cuer en ot frichon
5303 2417 6500 2559 c ar ne doutoit nul hõme se lui non
5298 2477 6459 2632 e ntre ses gens se fiert ꝑabandon
5307 2573 6459 2719 l asecuidoit bien metre a garison
5311 2651 6427 2814 m ais . roh̾. fu couu̾s de son blason
5320 2723 6496 2896 n e les dontoit uaillisant .i. bouton
5325 2814 6377 2960 ꝑ mi aus tous asi feru halpon
5320 2896 6427 3038 k el cors li met fer ⁊ fust ⁊ penon
5325 2974 6427 3133 l e cuer li ront le foie ⁊ lepomon
5325 3033 6591 3206 e n point le bien mort la bat u sablon
5325 3129 6368 3288 i l escria uimer feres baron
5330 3206 6468 3361 n e nous poent endurer cil gloton
5334 3279 6491 3434 l a ueissies mont grande occision
5343 3347 6573 3525 p᷑ halpon font ses gens grant marison
5348 3443 6514 3612 h ors de lestour lemportent esclauon
5339 3516 6573 3684 b ien les longent letrait a .i. bon ion
5352 3612 6573 3762 i a estoit mors senfont gnͣt plorison
5352 3680 6505 3844 l ame delui ꝯmandent amahom
5366 3757 6505 3921 l anouuelle contaon sarsapon
5366 3835 6696 4008 q ui duel en fist ains plus gnt̃ ne uit on
5648 3921 6673 4076 ant sarsapons lanouelle aseue
5361 3958 5630 4195 q
5635 3999 6755 4186 q̃ halpons gist mors sor lerbe drue
5391 4111 6439 4269 d e la dolour tous li cors li tressue
4532 4432 4774 4614 116
6523 323 6774 428 CCCCXI
6698 406 6846 494 411
4810 4299 4997 4504 116
