8006 5587
1219 670 2312 788 D usquau palais ne uont resne tirãt
1196 740 2286 884 l a descendirent li cuiu̾t sousduiãt
1204 828 2191 931 .k̶ escoute sot mener le duel gnͣt
1192 898 2221 1014 d ist a Na̾ ioi nõmer men enfant
1285 983 2253 1095 harles escoute qui le poil ot flouri
1117 1001 1294 1205 C
1282 1077 2207 1185 et oit mener et le noise. ⁊ le cri
1168 1140 2119 1275 n aỹ. apele qui le poil ot flouri
1168 1224 2025 1345 Je cuit cest cil q̃ hues a ocis
1164 1280 2039 1415 p or amor diu car iales oyr
1159 1359 2170 1480 m out uolentiers N ay li respondi
1164 1438 2174 1573 i l auala les degres marberins
1159 1522 2188 1657 u int au perrõ ou estoit amauris
1173 1607 2073 1707 q; uit charlot en .i. escu gesir
1173 1679 2275 1794 t restout sanglant. ⁊ feru dusq̃l pis
1154 1766 2263 1874 .iii. fois se pasme sor le cors du mescin
1167 1862 2219 1943 q nͣt se redrece si ont charlot saisi
1173 1936 2346 2033 q; si lemportent sus el palais marbrin
1145 2002 2137 2123 d euant .k̶ le roi de saint denis
1155 2081 2235 2197 g nͣt duel demainẽt li gnͣt. ⁊ li petit
1150 2169 2230 2281 a tant ez uous le cuiuert amauri
1179 2256 2157 2368 d e lune part tenoit lescu uoltis
1155 2327 2174 2448 q; dautre part li dus Nay le prist
1155 2421 2165 2532 e t amauris sescria a haus cris
1150 2500 2086 2621 d rois emp̃. li traytres a dit
1155 2579 2119 2714 p or lamor diu receues ur̃e fil
1136 2644 2389 2802 l enfant charlot q̃ uous par amies si
1159 2760 2151 2886 .k̶. lentent tont li saus li bouli
1164 2844 2244 2961 s on enfant uoit detrencie. ⁊ ocis
1164 2933 2324 3054 s or lui se pasme ne sai u. fois ou ui
1155 3016 2268 3128 q nͣt se redrece si sescrie a haus cris
1164 3113 2238 3209 s ainte marie cõ lait p̾sent ai chi
1173 3197 2200 3290 s ire dist Nay por diu de paradis
1164 3265 2247 3383 m aintenes uous aloi dome gentil
1145 3352 2184 3463 s i demandes le cuuert amauri
1150 3436 2100 3547 p or lamor diu qui a tõ fil ocis
1145 3510 1993 3636 i ou li demant klm̾. a dit
1131 3594 2147 3696 d ist amauris ia le porres oyr
1167 3671 2126 3774 c il damoisiaus q̃ ie uoi la seir
1157 3752 2241 3889 q ui a ces coupes uoi boire ur̃e uin
1170 3848 2117 3960 s i mait dix ton enfant a ocis
1136 3924 2077 4064 .k̶. lentent tous li sans li fui
1145 3994 1946 4125 .h̾. regarde le chlr̾ de pris
1182 4081 2275 4227 s or une table uoit .i. coutel gesir
1150 4162 1993 4334 i snelem̃t le coutel a saisi
2421 637 3320 763 i a en ferist huon par mi le uis.
2440 735 3399 852 q ñt li dus Nay̾. fors des poĩs li toli
2449 805 3316 926 s ire dist il aues le sens mari
2426 865 3404 1010 t asseuras hui matin le meschin
2435 940 3516 1094 c e seroit murdres si me soit dix amis
2538 1005 3539 1149 rans fu li dieus sus el palais luisant
2393 1061 2547 1247 G
2539 1098 3563 1241 pleurent ces dames escuier.⁊ sergãt
2431 1159 3572 1312 t restout regretent charlot leꝯbatant
2455 1247 3451 1396 q; li rois .k̶. ot mlt̾ le cuer dolant
2467 1309 3551 1471 s ouuẽt se pasme par desus son enfant
2455 1396 3467 1558 q; li dus Nay le uait recõfortant
2435 1480 3404 1634 s ire dist il por diu om̃ipotent
2464 1539 3551 1716 m aintenes uous a loi dome sachant
2431 1601 3623 1825 c e que uoꝰ faites deuroiẽt faire enfant
2458 1710 3517 1887 s ire dist Nay por le cors s̾. amant
2461 1769 3607 1946 q ñt dus ogiers li preus. ⁊ li uaillans
2467 1843 3597 2033 u ous guerroia ⁊ trestoute uo gent
2474 1946 3455 2104 m on fil ocist que ie amoie tant
2459 1992 3539 2197 l e messagier cĩ apoloit bertran
2473 2039 3581 2299 e n alai [ie si fait duel demenant]
2445 2216 3623 2379 n aie par diu ains malai cõfortant
2449 2323 3511 2458 d rois emp̃. por diu le roi amant
2449 2421 3660 2551 l aissies le duel. car trop le menes gnͣt
2454 2514 3674 2639 p uis quil est mors li diels ni uaut noiẽt
2454 2602 3623 2728 m ais demandes dant amo̾rri le gnͣt
2440 2681 3590 2798 p or lamor diu qͥ a mort tõ enfant
2449 2770 3539 2895 i e li demande dist .k̶. li uaillans
2445 2858 3642 2979 c il damoisiaus qui la siet sor cel banc
2464 2961 3619 3051 q ui a uo coupe ui boire uo uin blanc
2474 3029 3464 3141 .k̶ lentent tous li mua li sans
2477 3116 3451 3212 .h̾. regarde mout ayreement
2449 3179 3651 3310 l es dens esqͥgne les iex ua rouellant
2445 3263 3651 3426 d eseur la table uoit .i. coutel gisant
2483 3361 3302 3460 .k̶ le prent tost ⁊ isnelem̃t
2454 3426 3474 3584 i a en ferist . ħ. par mi le flanc
2489 3510 3650 3656 q nͣt li dus Nay des poĩs li ua ostant
2492 3631 3455 3727 s ire fait il aues perdu le sens
2480 3699 3641 3833 q ue uoles faire por le cors s̾.amant
2486 3786 3576 3923 q nͣt.h̾.uint en cel palais plus gnͣt
2492 3879 3588 4004 u oiant francois lalas asseurant
2477 3938 3711 4106 q uil naroit garde de nul hõme uiuãt
2491 4031 3567 4194 s e [tu le fiers de ce coutel trenchãt]
2468 4148 3586 4464 c e sera murdres par diu oĩpotent
4666 628 5588 777 t u en auroies honte ⁊ reꝓche gnͣt
4675 738 5566 850 N ay dist. k̶. iai mout le cuer dolãt
4648 810 5579 931 q ñt ie roi mort tout ensi mõ enfãt
4634 878 5389 987 q nͣt.h̾. oit .k̾. ainsi parlant
4644 949 5429 1077 e t q̃il oit quil le ua manechãt
4619 1033 5541 1163 s acies de uoir mlt̃ sen ua esmaiãt
4594 1098 5503 1247 q; uõ p᷑᷑ qñt si fait il bon samblant
4592 1168 5565 1317 s orses pies est saillis de maĩtenãt
4581 1241 5268 1375 e t eslonga .km̾.le franc
4560 1312 5460 1455 q; puis apres si lala raprochant
4540 1378 5560 1555 m out belemeut le uait arraisonãt
4536 1438 5337 1596 d rois emp̃. dist h̾. li uaillans
4512 1513 5584 1718 n e males mie de coutiaus manechãt
4508 1592 5453 1764 i ai mort celui q̃ ie uoi la gisant
4475 1657 5472 1866 m ais par celui qui aida moysant
4471 1718 5495 1927 i e nẽ soi mot q̃ ce fust ur̃e enfant
4461 1797 5528 2006 s e le seusse par le cors saint amant
4429 1870 5518 2118 c uidies q̃ fusse issi tres nõ sachant
4422 1936 5463 2225 [q ua ur̃e cort uenisse por garant]
4419 2150 5416 2355 N aye par diu le pere roialmant
4414 2244 5481 2425 a ins menfuisse certes en oriant
4405 2318 5551 2509 i ai mort celui ie ue uois pas noiant
4415 2407 5491 2574 m ais ie le fis sor mõ cors deffedant
4405 2490 5532 2667 n e males mie sire rois manechant
4410 2583 5504 2742 p or quoi iries bors ne uiles ardant
4408 2672 5439 2816 n e poure gñt a martire liuraut
4419 2756 5551 2905 u ez me chi prest en uo palais luisant
4410 2835 5486 2998 c ui caye mort alespee trenchant
4419 2914 5537 3072 a u iugem̃t de france men atent
4413 3007 5486 3161 d roit uous ferai emp̃. uaillant
4439 3091 5541 3234 c om iugeront baiuier et alemãt
4424 3184 5528 3310 d ient francois il parole auenant
4433 3259 5598 3394 s e riens seit dire amauris sor lenfãt
4424 3356 5388 3470 s i le desraisne tost. ⁊ isnelem̃t
4545 3436 5551 3552 harles regarde dant Nay le flori
4540 3515 5388 3640 cõsillies moi sire Naỹ. fait il
4415 3444 4540 3631 C
4443 3594 5323 3720 q̾ ferai ie de mõ fil quest ocis
4443 3682 5402 3794 s ire dist N̾.ien ai le cuer mari
4424 3747 5458 3864 p or amor diu qui onq̃s ne menti
4447 3827 5504 3962 c ar demandes le cuiuert amauri
4447 3896 5458 4041 p our quoi uos filz q̃ ie uoi la gesir
4443 3966 5383 4157 a la el bos le blanc haub̾c̾ uesti
4457 4073 5509 4385 [sainte marie dame qui queroit il]
4494 4185 5449 4464 i el uous dirai sire dist amauri
5623 640 6669 777 e t se ment diex me puist maleir
5626 744 6627 856 e rsoir au uespre qñt il fu asseri
5626 824 6692 935 c harlos uos filz a lostel me requist
5602 898 6594 1028 q ue ie alasse en gibier aueuc lui
5602 1052 6692 1163 i e me doutoie de lardenois tierri
5621 982 6594 1112 l e ialai he: las por quoi le fis
5593 1210 6748 1336 s ous le bruellet qui est desous paris
5612 1131 6878 1261 p or ce alasmes les blans haubers uestis
5602 1289 6655 1415 l a en alasmes iuer ⁊ moi. ⁊ lui
5602 1364 6706 1475 q; si getasmes nos ostoirs es larris
5607 1438 6706 1550 u n. en ꝓdismes ersoir alauesprir
5612 1513 6636 1629 h ui matinet qñt il fu esclarchi
5607 1592 6594 1699 u ismes uenir Gerart ⁊ huelin
5607 1666 6594 1783 h ues lauisnes auoit loisel saisi
5598 1741 6706 1862 c harlos uos filz son oisel li requist
5607 1825 6497 1936 q; li traytres mie ne li rendi
5597 1908 6773 2011 t ant estriuerẽt quil feri gerardin
5588 1978 6678 2095 q sit le uit.h. si traist le branc forbi
5593 2062 6497 2174 q ue le fendi enfresi q̃ el pis
5607 2146 6762 2267 p uis sentorna fuiant par deuãt mi
5612 2220 6823 2346 i l et ses freres sor les cheuans de pris
5603 2318 6748 2436 n en poi ataindre sen oi le cuer̾ mari
5598 2393 6450 2514 a escient a ton enfant ocis
5606 2473 6553 2601 q; sil ueut dire q̃ ie aye menti
5612 2566 6720 2684 u ez chi men gage ou ie le uꝰ pleuis
5618 2656 6702 2771 s ainte marie dist labes de clugni
5615 2731 6848 2861 s i gnͣt mẽchoĩgne nꝰ hom de char noy.
5618 2802 6807 2942 s or sains iurroie ⁊ moigne iiii uins
5609 2905 6838 3048 que cest menchoigne q̃ cil lerres a dit
5624 3007 6820 3116 c ertes dist .k̶. bel tesmoignage a chi
5618 3085 6695 3197 q ue dites uous dist .k̶. amauri
5626 3156 6613 3282 s ire fait il si me soit diex amis
5635 3240 6683 3380 l abes dira du tout a son plaisir
5640 3324 6860 3451 c ar deuant uous nele ueul desmentir
5631 3408 6829 3526 m ais par celui qui maint en paradis
5640 3468 6650 3608 h uõ ferai par la gueule gehir
5631 3560 6795 3684 q ue cest menchoigne q̃ hues uꝰa dit
5621 3625 6835 3771 q nͣt lentent labes mlt̾ belem̃t li dist
5621 3720 6632 3841 o u uoit huõ si li crie a haus cris
5626 3785 6678 3934 h e: que fais tu dist li abes amis
5628 3870 6739 4016 o ffre ten gage car li drois est a ti
5628 3960 6773 4090 e t se tu ies ne uaincus ne malmis
5628 4056 6751 4177 q; dameldix ueut teltort consentir
5631 4143 6782 4295 e t ie puis mais a clugni reuenir
5178 4553 5281 4707 8
4862 4665 5118 4870 50 d
7046 335 7291 437 CCCIIII
7298 423 7423 651 304
