8006 5587
1161 642 2300 779 s ire dist Namles pour diu le droturier
1164 713 2272 838 d ont uous pri ie se uꝰ tant maues chier̾
1151 800 2284 909 q ue uous mandes les .ii.frans hiretiers
1161 878 2176 993 s e il i uienent a amor les tingnies
1157 955 2135 1073 c ertes dist .k̶. ie lotroi uolentiers
1141 1019 2216 1163 l es manderai par ii. frans messag̾s
1157 1101 2219 1226 s ire dist Namles cent m̾cis en aies
1131 1163 2263 1298 G erars.⁊ hues qui mout font aprisier
1157 1263 2160 1368 s ont mi neueu de uerte le sachies
1154 1340 2169 1455 c ertes dist .k̶. tant les ie plus ciers
1148 1399 2256 1539 q uant amauris les ot ainsi plaidier
1131 1475 2244 1601 s achies de uoir mout en fu courecies
1145 1564 2235 1699 l i rois apele enguerrant. ⁊ gautier
1157 1645 2325 1750 m etes les seles sour les courans destriers
1117 1701 2377 1829 d usqua bourdiaus uous conuiẽt ceuauc̾
1139 1800 2216 1902 q; si me dites la duchoise au uis fier
1136 1868 2197 1983 q uele me face ses enfans enuoier
1103 1946 2300 2057 q; sil ni uienent si me puist dius aidier
1113 2020 2142 2146 i e les ferai destruire et essillier̾
1142 2113 2281 2231 q; sa moi uienent ie les tenrai mlt̃ ch̾̾s
1229 2192 2216 2313 ire dist .Na̾. pour diu le roi amant
1103 2195 1233 2391 S
1238 2276 2319 2416 par quel maniere mandes uꝰ les enfãs
1117 2389 1937 2495 q; qui ira a bordele le grant
1145 2448 2105 2593 Na̾ dist.k̵. gaut̾s et enguerrans
1136 2532 2165 2653 c il iiront sil uous uient atalent
1131 2616 2342 2737 u oir dist dus Na̾ il sont preu. ⁊ uaillant
1145 2700 2249 2835 b arons dist .k̶. or tost uenes auant
1136 2774 2249 2895 m etes les seles es palefrois amblans
1117 2863 2221 2984 o r. ⁊ argent prendes a uo cõmant.
1122 2947 2347 3063 e t tel maisnie qui uous uient a talent
1117 3021 2347 3151 d us qua bordiaus men ires cheuauchant
1136 3122 2058 3231 q; si dires la duchoise uaillant
1131 3189 2286 3314 q uele menuoit ambedeus ses enfans
1141 3263 2128 3398 G er̃. ⁊ hue.quele par aĩme tant
1133 3370 2269 3488 q; sil ni uienent si me soit dius aidans
1117 3440 2053 3557 i e les ferai courecies. ⁊ dolans
1117 3524 2174 3645 q; cil respondent tout a ur̃e ꝯmant
1122 3608 2244 3724 l es seles meterent ne si uõt delaiant
1136 3687 2235 3799 i l sont monte ne se uont atargant
1142 3749 2343 3876 d roit uers bordiaus se uont acheminant
1122 3850 2198 3957 a mauris ot con mande les enfans
1129 3929 2256 4031 m out en fu tristres courecies. ⁊ dolans
1122 3994 2137 4115 q; li message ne si uout atargant
1127 4069 2244 4185 dꝰ qua bordiaus alerent cheuauchant
1142 4149 2266 4264 e n la uile entrent li message ioiant
1122 4213 2337 4395 d roit au palais tornerent maintenant
2384 563 3325 730 l a dame trueuent aueuc li ses enfans
2405 648 3271 794 s i le saluent bel et court[o]isement
2468 693 3320 875 i doi message pensent de lesploitier
2314 702 2484 982 L
2491 744 3404 973 dusqua bordiaus ne se uaurent targᷤ
2381 872 3256 1042 c e fu en mai ce oy tesmoignier
2407 907 3348 1122 s i cõ les gens seoient au mengier
2407 982 3432 1201 e n la uile entrent andoi li messagier
2421 1070 3367 1266 d usquau palais ni ot regne sachie
2403 1205 3427 1336 l a descendirent ni vaurent detrier
2421 1275 3548 1415 p uis en mõterent el plus maistre planch̾̾
2403 1364 3446 1508 l a dame trueuẽt ou seoit au mengier
2403 1433 3297 1578 i ouste li sist hues ole uis fier
2412 1503 3488 1648 G erars li menres tenoit.i. espreuier
2436 1598 3455 1735 f aisoit li gorge de lele dun plouier̾
2421 1676 3557 1815 e s les messages qui mout font aprisier
2424 1753 3538 1880 e n haut parolent car bñ sorẽt raisnier̾
2427 1828 3389 1967 c il dameldius qui tout a a baillier
2421 1894 3506 2053 i l saut. ⁊ gart la duchoise au uis fier
2424 1992 3302 2126 q; ses enfans ⁊ tous ses chl̾rs
2421 2060 3479 2222 e t de par.k̶. qui france a a baillier
2424 2141 3464 2309 o t les la dame si est saillie en pies
2427 2231 3483 2389 s i les courut ambedeus embracier
2427 2306 3563 2483 s igneur dist ele en non diu bñ uignies
2424 2411 3411 2554 q ue fait me sires .k̶. o le uis fier
2427 2492 3393 2647 q; li dus. Nã. qui le poil a cangiet
2424 2548 3501 2715 d ame mout bñ dient li messagier̾
2427 2622 3607 2809 l i rois uous mande uos fuis li enuoies
2421 2719 3427 2914 c ar klm̃ en est mout courecies
2415 2858 3647 3035 q uant il ne daignent a sa court repair̾
2426 2965 3609 3105 p our lui seruir en son palais plenier
2421 3048 3569 3187 q; sil ni uienent si li puist dius aidier
2379 3124 3423 3263 i les fera destruire. et essillier
2407 3212 3590 3347 c ar traitour ont tant au roi plaidie
2403 3287 3437 3417 c on lor tolra lor terres.⁊ lor fies
2403 3380 3437 3501 o t les la dame sen ot le cuer irie
2407 3454 3474 3584 G erart.et hue en prist a araisnier
2403 3533 3525 3664 e nfant dist ele trop poes atargier
2412 3612 3609 3752 s e dieu nen pense qui en crois fu drecies
2421 3692 3390 3813 p erdu aues uos t̾res ⁊ uos fies
2412 3780 3525 3896 d ame dist hues si me puist dius aid̾̾
2403 3859 3544 3980 m al aues fait ⁊ mout tres gnͣt peciet
2384 3929 3544 4059 q ue cest afaire ne nous aues nõciet
2393 4017 3437 4125 b ñ deussies uos enfans cõsillier
2407 4092 3516 4213 p ar iugement auons perdu nos fies
2403 4180 3455 4288 c ar.kl̾m. lemperere au uis fier
2393 4260 3562 4423 d e uons seruir ⁊ nous lauons laissiet.
4644 623 5435 760 d ient li mes or ne uous esmaies
4640 716 5479 822 c ar li dus Na̾. a tant au roi plaidiet
4625 785 5407 881 q uil uous a tous acordes ce sacies
4612 928 5485 1036 m out est predoms dus Na̾ de bauner
4634 865 5444 959 d ix dist la dame ten soies gracies
4600 1008 5469 1123 m aluais cõseil ne uaut ains otrier
4591 1070 5522 1210 l i dus seuins lauoit m̾ueilles chier
4575 1157 5547 1272 s es cousins iert li nobiles princiers
4512 1285 5481 1429 i hũs de gloire de ur̃e ame ait pitie
4566 1226 5494 1347 h ay: seuin dist la dame au uis fier
4527 1343 5488 1505 e le en apele audeus les messagiers
4503 1429 5593 1601 s igneur dist ele en mon palais plenier
4485 1489 5267 1648 s eres anuit serui. ⁊ aaisiet
4485 1569 5449 1731 q; le matin qnͣt iors iert esclairiet
4475 1624 5477 1815 u ous en porres arriere repairier
4461 1694 5528 1899 d ient li mes por noient en plaidies
4461 1769 5509 1978 n ous ne poons seiourner ce sachies
4438 1829 5565 2062 c ar no message nous couient renõch̾.
4415 1890 5486 2146 m ais or nous dites naies sõĩg datargᷤ
4448 2110 5392 2284 q̾ dirons nous a no signeur arr̾
4433 2178 5570 2369 s igneur dist . h. si me puist dix aidier
4424 2276 5546 2411 u ous dires k̶ lemperere au uis fier
4447 2351 5537 2504 q ue nous irons en france cortoier
4452 2430 5383 2560 q; le ferons degre. ⁊ uolentiers
4460 2529 5531 2641 e t seruirons le roi dusques au pie
4470 2597 5503 2725 q ue dameldiex en soit hui gascies
4457 2681 5438 2790 q nͣt .kłm. de nous il li souuient
4466 2737 5467 2886 l a dame apele huelin au uis fier
4457 2826 5500 2961 q; girardet qui tant fait aprisier
4466 2919 5612 3040 e nfant dist ele uous ires courtoier
4460 2995 5544 3128 n i ales mie com uilain pautõnier
4451 3088 5531 3209 m enes o uous dusqua xxx som̃iers
4442 3162 5562 3314 q ue uous feres de mon auoir carch̾̾
4447 3198 5598 3491 a s plus preudomes uous ales acõit̾
4475 3324 5565 3557 c ar naies cure de traytour lasiner
4480 3398 5551 3645 p ortes hõneur. ⁊ amor au clergiet
4480 3477 5546 3706 a .s̾ eg lyse repairies uolentiers
4494 3538 5630 3775 a s poures gens departes uos deu̾s
4512 3640 5612 3827 q; si prendes andeus ces messagiers
4531 3724 5635 3910 p or palefrois lor dõnes bons destriers
4540 3794 5677 3990 e t por leur capes bons bliaus ẽtaillies
4560 3901 5640 4062 q; sait cascuns cent liures de deniers
4582 3966 5621 4162 c il sen repairent baut. ⁊ ioiãt ⁊ liet
4606 4055 5556 4199 d usqua paris ni ot regne saciet
4629 4097 5630 4283 l a descendirent sus el palais plen̾
4629 4176 5705 4390 p uis en monterent el plus maistͤ plãc̾
5690 608 6705 729 l i rois les uoit ses p̾nt a araisnier
5665 701 6789 800 s igneur dist k̶ en nõ diu bñ uignies
5674 775 6751 884 e t cor me dites por diu le droiturier
5662 853 6643 955 a ues este a bordiaus quẽ diries
5662 934 6888 1039 q ue dist la dame qui tant fait aprisier
5671 1011 6655 1132 l i fil seuin uenront il courtoier
5662 1092 6705 1213 q; cil respondent oil mout uolent̾s
5671 1176 6981 1294 p ar nous uous mandent salus. ⁊ amisties
5662 1263 6792 1375 s i uous disons par diu le droiturier
5656 1343 6795 1455 q ue puis cele eure q̃ dix fu baptisies
5663 1396 6827 1536 s i uaillans hoirs ne pot on acointier
5656 1502 6773 1604 n e si courtois ne si bons uiuendiers
5668 1561 7015 1669 p ar nous uꝰ mandent quil uenrõt cortoier
5649 1645 6754 1756 s eruiront uous degre ⁊ uolentiers
5646 1713 6798 1818 q; baiseront uos cordoans cauchiers
5646 1790 6969 1893 m out grant hõnour nous fisent ce sachies
5665 1880 6885 1989 p our palefrois ramenõs bons destriers
5646 1964 6823 2060 q; por nos capes bons bliaus entaillies
5649 2036 6702 2147 e t sot cascuns cent. l̶u. de deniers
5680 2119 6637 2237 h e: dix dist .k̶ ten soies gracies
5659 2191 6872 2309 q ue tele hõneur ont fait mes messag̾s
5668 2272 6660 2383 l i guerredons sera bñ emploies
5658 2346 6930 2476 a mauris lerres mon palais me widies.
5680 2427 6835 2532 d e uo lignage ne me uint onq̃s biens
5677 2517 6820 2616 s e uous creisse par diu le droiturier
5672 2583 6604 2709 i e les eusse ocis. ⁊ detrenchies
5668 2663 6798 2771 m ais par celui qui tout puet iusticier
5674 2756 6658 2849 s e hues uient aparis cortoier
5677 2812 6671 2933 d e douce france sera ꝯfanonier
5668 2892 6770 3013 q; li maĩsnes sera mes chamberiers
5677 2970 6826 3100 d e .ii. mil liures lor croisterai lor fies
5674 3072 6683 3175 o uil aueront en france le relief
5680 3128 6876 3268 s i com lor peres qui mama. ⁊ tint chier
5665 3215 6758 3342 a mauris lot. le sens cuide cangier
5681 3291 6739 3426 i l uaura ia .i. tel plait ꝯmenchier
5705 3333 6939 3496 d ont douce france fu en grant destorbier
5702 3451 6627 3572 d e la sale ist ne si uaut delaier
5671 3529 6702 3650 a son ostel en uint tous courecies
5695 3598 6673 3733 o r escoutes du trayteur lasnier
5681 3664 6790 3822 a charlot uint .i. soir ap̾s mengier
5700 3747 6576 3920 n .i. ostel ou il sient repairier
5715 3848 6655 3976 o u quil le uoit si li chei as pies
5715 3920 6857 4059 c harlos le uoit si lemprist gnͣs pities
5715 4013 6751 4131 a mis quaues ne me deues noyer
5721 4087 6689 4202 q; cil respont sel sares uolentiers
5723 4148 6892 4334 i ai sigrant duel p̾s nai le sens cangie.
4898 4491 5047 4603 d
4802 4550 4935 4708 45
5164 4526 5286 4702 3
7093 321 7465 493 CCLXXXXUIIII
7321 460 7470 651 299
