8006 5466
1499 610 2383 778 e t ion ferai chou que iai enpense
1485 706 2228 833 a dont sesont a[$]dedo . uo
1471 756 2419 924 e t aube[$$$$] test [mienmin [cate]
1458 838 2405 992 e t haes rest li palais demoures
1640 906 2442 1047 ois auberons dehuon departi
1439 958 1640 1152 R
1462 1065 2364 1197 e nlachite est temes huelins
1663 983 2501 1120 il senreuait ariere ensonpais
1453 1129 2465 1275 l es. sar̾rs. a tous fais con uercir
1451 1214 2511 1345 t oute lat̾re que oedes sient tenir
1449 1279 2460 1412 d on na son oste ⁊ ioifroi autressi
1458 1352 2460 1494 e t siles fist tous signours du pais
1453 1425 2551 1576 p uis fait son oire aprester limescins
1458 1498 2515 1667 o r ⁊ argent ont aGrant plente pris
1453 1594 2547 1735 i l encarcherent dusq̃s a dis . ronchis
1454 1679 2542 1797 a dont monterent et st̾ au cemin mis
1439 1744 2560 1881 l e congiet prendent as barons du pais
1430 1826 2428 1963 s iles conmandent a dieu deparadis
1676 1908 2615 2031 r sen uait hues qui le cors ot uaillant
1439 1939 1686 2145 O
1695 1981 2651 2118 droit uers latour conliua deueant
1421 2077 2538 2200 t oute iour oire entrelui ⁊ sagent
1458 2168 2419 2300 ꝑ mi lebos ⁊ les ualees grans
1449 2245 2556 2377 t ant uont lipͥnce cui ihũs soit aidans
1449 2327 2533 2455 qͤ lauespree les uamout encauchant
1449 2414 2460 2532 e n mi un pre la seuont arestant
1458 2477 2542 2623 d roit encepre ou il uont demourãt
1467 2573 2524 2692 e stoit uenue de sauuechine tant
1462 2655 2519 2769 i lluec sarestent no chlr̾ uaillant
1476 2728 2551 2855 t  restoute quit ifurent coi est ant
1462 2819 2506 2928 e t liceual uont delerbe paissant
1467 2901 2588 3010 e t quant ceuint alaube aparissant
1453 2956 2610 3088 e rrant monterent nese uont delaiant
1471 3051 2638 3165 d roit uers lamer sen uont aceminant
1462 3124 2638 3247 t ant ont ale queil uont aprochant
1471 3220 2487 3334 u ne liuee de la tour augaiant
1476 3297 2487 3407 qͤ libons rois li ala des fendant
1458 3375 2583 3498 li solaus lieue li iour ua esclairant
1458 3452 2583 3566 n alerent mie deterre longemant
1467 3534 2651 3653 q ant hues ua de uant lui esg ardant
1467 3607 2538 3721 l e grant tour ou estoit li gai ans
1449 3707 2620 3830 o u uoit ses hõmes siles ua apelant
1467 3794 2629 3912 s ignour distil pour dieu om̃ipotant
1462 3871 2551 3990 m ont par eusmes itres fol essiant
1476 3953 2633 4058 q nͣt nous geusmes en cel pre u̾doiant
1480 4035 2633 4140 c ar iou uoi la une tour hante ⁊ Grant
1467 4099 2651 4286 u nous fussiemez mout bñ uenut atans
2556 473 3481 706 li uius Geria[$$$$$] uait latour esgardant
2583 564 3390 774 t el paour a li cors liua tramblant
2891 634 3428 786 ⁊ biaus peres tous poissant
2601 706 3007 860 e dieus [$$]
3075 678 3481 824 eroes [$$$$ $$$$$$$$$]
2620 806 2920 924 h ui en
3116 756 3495 906 etons li uaillans
3299 838 3417 938 ment
2629 851 3116 1020 i ou uoi la [$$$]
3340 883 3440 992 ent
2642 947 3084 1088 n ous des fend
3385 942 3472 1115 nt
2656 997 3198 1147 o u voit ꝯnon [li]
2654 1105 3350 1217 .h̾. biaus sire bien [$$$$]
2647 1152 3394 1289 f ans est li hom qui c[rop]
2656 1225 3823 1371 s ouuent iest a[$]fie pe [$$$$$ $$$$$$]
2670 1298 3590 1443 h ue biaus sire ⁊ que feron[ent]
3595 1348 3777 1457 uant
2661 1393 3804 1521 s i mait dieus a nous ua [$$$$$$$$$]
2683 1471 3809 1607 c ar ie uous dis sime soit diens li [$$$$$$$]
2688 1535 3873 1676 c hou est du nostre que uous males moustrant
2692 1612 3813 1753 l a dedens maint ꝑmonchief li gai ans
2692 1699 3786 1840 q ue auberons nous ala des fendant
2706 1767 3786 1917 q ue celepart nalisiemes cournant
2688 1840 3786 2013 s e trestout cil qui ore sont uiuant
2706 1922 3802 2086 e t tout li mort fussent resussitant
2718 2046 3881 2201 e t cil qui sont pat deseure en estant
2733 2154 3914 2286 e t fussent chi par deuant uous p̾sant
2724 2241 3791 2354 e t li cuiuers eust ses garnemans
2733 2318 3882 2441 n en donroit il lamontance dungant
2724 2400 3891 2523 e gentis hom nestes uous souuenant
2715 2473 3891 2573 q nͣt uous ꝑtites dauberon le uaillant
2743 2541 3950 2673 l e bon proudom qui uous ꝑ aimme tant
2738 2623 3795 2760 m out est gentis et de bon essiant
2724 2701 3973 2842 d effendi uous sot les menbres perdant
2739 2790 4021 2915 q ue uers du nostre nalisies cheuauchant
2729 2860 3854 3006 s ire Gerialme ce dist hues li frans
2747 2924 3973 3079 p our lamour dieu cales uous demntant
2743 3006 3973 3161 c ar puis celenre de france fui tournans
2756 3097 3882 3229 s i mait dieus nalai iou el querant
2770 3179 3827 3325 f ors auentures sachies aessiant
2770 3243 3918 3402 n e uous ales biaus sire dementant
2756 3325 3832 3498 q ue par celui qui me donna le sant
2765 3407 3832 3552 g irai lasus en cel palais lui sant
2774 3511 3836 3703 e t se ioutruis par dedens le gaiant
2774 3621 3813 3766 c onbatrai mi alespee trenchant
2770 3707 3923 3853 s il nest plus durs que pierre d[a]imant
2770 3776 3909 3940 i el pour fendrai amon acerinbranc
2788 3877 3866 4008 u ous remanres encel pre u̾doiant
2779 3962 3838 4075 e t semires chi en droit atendant
2779 4031 3886 4149 e t dist Geriaumes tout auostre ꝯmant
2779 4099 3841 4318 d ont sa parelle li damoisiaus uaillans
4665 534 5472 651 l ehauberc uest lace lelme luisant
4702 605 5522 701 e t chaint lespee asop [$$]nostre flanc
4934 655 5522 806 re uaa son col r[$]nda[n]t
4506 715 4542 865 [e]
5308 756 5481 860 llant
4486 846 4670 933 l e co
4520 892 4670 985 n ep[$]
4962 810 5417 951 s home s̃ bau [aue]
4520 951 4656 1038 a u
4720 906 4939 1047 [$$$$$$]
4943 911 5508 1029 mont ot hardement
4512 1011 4624 1115 .h̾. [$]
4693 983 5536 1106 [$] uers du nostre senua aceminãt
4529 1074 4638 1170 d i
4697 1056 5445 1166 [$$$]duie ihũs lirois amanss
4538 1134 4638 1234 o r
4716 1138 5495 1248 [li] est mestiers dor enauant
4542 1193 4696 1289 c ar
4716 1207 5518 1316 [t] ũs du nr̃e lenfes .h̾. senua
4538 1270 4692 1425 D
4697 1284 5508 1412 lecor diuoire auueq̃s lui porta
4520 1366 5454 1489 t ant aale et tant esploitiet a
4533 1439 5568 1562 c ala grant porte maintenant atraua
4533 1512 5495 1617 e t sut le pont tout maĩtenant monta
4538 1576 5572 1699 [$] ant resgarde qui Grant bruit demena
4538 1648 5463 1808 h u[$] [$i]fes forment sen effrea
4465 1758 5376 1990 d usca la porte mie nesarest a
4468 1849 5554 2067 d roit alentree les .ii. hommes trouua
4492 1931 5326 2136 s icauberons li dist ⁊ deuisa
4492 2004 5495 2204 e t ensamain chascuns unflaiel a
4492 2090 5495 2268 t out sont defer hues les redonta
4492 2172 5417 2341 i uer neste nus diaus ne saresta
4506 2241 5417 2423 a ins dameldieus oisillon nefera
4515 2332 5513 2500 t ant uolast tost qͥ en la porte entrast
4520 2414 5481 2550 qͥ l ne fust mors ia ne lor escapast
4524 2491 5481 2632 l i enfes hues asses les esgarda
4524 2564 5481 2696 d e dameldieu assez les con iura
4524 2632 5595 2769 m ais il ne cessent nus diaus ne saresta
4540 2717 5621 2851 q ant chou uoit hues dameldiu reclama
4538 2801 5440 2928 e t la pucele en cui il sa ombra
4542 2869 5595 2997 m out durement lenfes ses meruilla
4520 2928 5586 3056 e t enapres mout forment ses maia
4520 3019 5508 3156 c onfaitement upalais en terra
4524 3111 5508 3206 p ardeuers destre huelins esgarda
4542 3174 5467 3288 .i. bachin dor aun piller trouua
4538 3243 5590 3357 c hus qui li mist mout bien liatacha
4529 3325 5431 3598 h ues leuoit celepart en dala
4574 3384 5495 3662 o [r] escoutez de coi sepour pensa
4620 3489 5549 3716 il t[]ait les pee dont se uins ladouba
4638 3571 5549 3794 s or le bacin lenfes .iii. caus hurta
4639 3657 5458 3867 e t li palais tenti ⁊ resonna
4825 3721 5581 3899 isieus seuin debordiaus la cite
4848 3798 5595 3967 sor lebacin qui fu dor esmere
4659 3829 4861 4017 L
4743 3880 5559 4072 a i[n] aus ferus ꝑ Grant fierte
4761 3953 5513 4195 u ne pucele ot upalais liste
5622 507 6693 646 s e bille ot non mon [$$$$$$$$ $$$$]te
5606 573 6335 701 s i cost com ot le bac
5627 655 6423 783 a la fenestre en est [e$le]
5618 692 6748 856 e t uoit huon qui[su]nens uent
5622 783 6748 933 a tiere tourne sa grant duel demene
5618 856 6698 997 e dieus dist ele biaus rois demaiste
5618 932 6842 1068 q ui est li hom qui chaiens [u]eut euiter
5590 1011 6675 1138 l asse dolante sechis paiens le set
5590 1088 6684 1220 i lle uaura des truire ⁊ estranler
5590 1161 6730 1307 s eil estoient tel mil. tout assamble
5600 1243 6652 1375 s es aroit il en cor anuit tues
5618 1307 6620 1457 e las fait elle et ca il empense
5609 1384 6652 1535 s il est de france ille uaura tuer
5618 1462 6652 1612 e lle senua ũs legrant huis ester
5622 1553 6716 1694 a la fenestre ason cief fors bonte
5627 1603 6734 1776 l es armes uoit dont il fu adoubes
5622 1703 6711 1858 u ne crois dor de Grant nobilite
5631 1790 6711 1926 .iii. enauoit enses armes ou ures
5618 1849 6807 2008 e t quant les uit la pucele au uis cler
5627 1940 6684 2086 b ien sot quil fu de france leregne
5627 2017 6807 2177 l asse fait elle uoirement est ilnes
5652 2101 6854 2262 de douce france que iou doi tant amer
5654 2190 6693 2336 o si sui honnie se li gaiaus le set
5654 2254 6871 2418 e lle sentourne ni uaust plus demourer
5659 2341 6803 2477 u int a la chambre uhorguillous ert
5668 2409 6803 2564 u lit dormoit ia nen puist il le uer
5673 2477 6825 2632 q nͣt la pucele uoit dormir lemaufe
5668 2564 6889 2737 a riere tourne sa forment sous pire
5673 2641 6752 2801 d usca la porte ne se uaust arester
5673 2710 6798 2892 l e guicet a maintenant des ferme
5922 2808 6918 2936 a gentis dame le guicet des ferma
5654 2840 5906 3042 L
5928 2869 6930 3033 uns uens ensaut qͥlengien ius ieta
5691 2947 6935 3138 l i hom qui batent furent fait aconpas
5677 3019 7021 3188 c ar tantost con lou uroit lor faloient librac
5700 3111 6871 3261 q ant lenfes hues itout chou ueut a
5691 3183 6834 3338 t ant les esgarde que bien les auisa
5709 3261 6948 3429 t out maintenant dedens la porte entra
5714 3334 6912 3493 a pres labele mont durement sen ua
5714 3416 6807 3571 c ele sen fuit qui forment ses maia
5723 3498 6807 3662 d u gentil hõme capres li sa routa
5727 3575 6994 3716 e n une chambre tout maintenant e̾tra
5736 3653 6821 3807 q ant hues uoit qu[$]t ne laparla
5727 3735 6994 3876 s achies deuoir mout forment lenpesa
5732 3807 6834 3935 a ual lacourt maintenant esgarda
5736 3876 6807 4140 a ures garder la pucele perdue a
6871 86 7231 346 CCCXXIII
7062 277 7263 473 323
4921 4263 5085 4532 68
5132 4482 5321 4737 27
