7814 5466
997 646 1950 856 e t fu tous tels cõ ia oyr porres
1002 788 1950 938 a usi biaus fu coin solaus en este
1020 870 1872 1015 q; fu uestus dun paile girõne
1002 947 1899 1097 a xxx. beudes de fui or esiuere
1002 1006 1963 1175 a filz de soie ot lachies les costes
979 1102 2086 1252 .i. arc portoit dont sauoit bñ ouurer
1011 1184 1831 1343 l a corde fu de soie naturel
997 1252 1854 1398 q; la sayte refu de gnͣt cierte
1006 1298 2182 1480 d iex ne fist beste taut soit de gnͣt fierte
1002 1412 1986 1562 s e il li traist ⁊ il li uient greuer
1020 1498 1954 1639 q uil ne le p̾nge tout a sa uolente
1034 1576 1881 1712 q; ot au col .i. cor diuoire cler
1016 1635 1986 1794 a bendes dor estoit li cors bendes
1043 1730 1945 1872 f e es le firent en .i. ille de mer
1020 1799 1986 1949 .i. en iot quil li dona don tel
1020 1872 1986 2026 q ui le cor oit.⁊ tentir.⁊ sonner
1029 1949 2077 2099 s il est malades lors sera en sante
1038 2031 2077 2190 i a niaura tant grant enfer mete
1047 2122 1963 2254 q; lautre fee idona mix asses
1038 2204 1927 2341 q ui le cor ot ce est la uerites
1043 2286 1963 2427 s il a famine il est tous soeles
1047 2350 2077 2505 q; sil a soif il est tous ab uures
1047 2436 2000 2573 e t lautre fee idonna mix asses
1047 2500 2287 2669 q uil nest nus honis qui tant ait pouretes
1047 2600 1972 2742 s il oit le cor. ⁊ tentir. ⁊ souer
1047 2673 2127 2819 q ui ne soit riches manaus. ⁊ asazes
1047 2760 2077 2883 q; ne lestoiue au son du cor chanter
1034 2833 1995 2978 l a quarte fee idona mix asses
1047 2924 1995 3051 d ona a li tel don cõ uous orres
1057 2988 2127 3120 q ue il uait marche ne pais ne regne
1066 3065 2259 3211 d usquau seth arbre ne tant cõ puet aler
1061 3161 2118 3311 c on oyst bñ le cor ⁊ tentir. ⁊ souer
1066 3252 2073 3384 l i petis homs ꝯmencha acorner
1075 3338 2054 3452 h uelins lot. ⁊ sa gent autretel
1066 3407 2073 3543 a u son du cor ꝯmencent abaler
1084 3480 1954 3612 l i uix .Ge. la mout bñ auise
1057 3562 1890 3689 a .h̾. dist or poes escouter
1075 3625 2114 3780 c e est li uauis ia bñ tost le uerres
1079 3716 2177 3848 o r faisies duel ioie uous uoi mener
1059 3811 1910 3923 .h̾. en rit.⁊ na .i. mot parle
1099 3886 2232 4020 h e: dix dist il qui nous uient uisiter
1061 3971 1808 4090 .ge. lot si a dit son penser
1075 4063 2059 4195 a uberons est qui tant a poeste
1081 4154 2046 4269 q; dist qñs hues or sui ie assazes
1096 4233 2037 4400 f aim auoie ore si sui toz soeles
2218 636 3075 783 q; dist Ge. cest li nams bocheres
2250 687 3130 860 i a le uerres deuant uous arrester
2246 751 3134 951 p our diu uous pri sire q̃ ne parles
2278 833 3125 1020 s e ue uoles aueuc lui demourer
2278 911 3070 1093 q; respont .h̾. naie si mayt des
2282 979 3139 1175 a tant es uous le petit bochere
2287 1038 3139 1257 a haute uois ꝯmencha acrier
2282 1102 3253 1343 l i mien ami qui par mon bos ales
2282 1179 3234 1421 d u roi du monde soies uous salue
2291 1279 3212 1498 i e uous cõuir dediu de mayeste
2300 1320 3298 1576 d oile de cresine. de baptesme. ⁊ de seil
2305 1425 3189 1653 d e quanq̃s dius a fait ⁊ estore
2305 1489 3275 1721 u ous cõuir ie q̃ uous me respondes
2314 1606 3176 1797 q; li xiiii. sont en fiues torne
2310 1648 3303 1890 l i petis homs en fu mout abosmes
2319 1730 3303 1976 l un de ses dois a sour le cor hurte
2337 1799 3367 2067 u ne tempeste ꝯmence. ⁊ uns ores
2332 1972 3367 2127 q ui dont reist.⁊ plouoir et uenter
2337 2086 3430 2213 a rbres froissier. ⁊ foruient esclistrer
2328 2168 3230 2295 b estes fuir ne seuent ou aler
2323 2254 3294 2373 q; ces oisiaus par mi ce bos uoler
2337 2323 3449 2450 d iex ne fist home ne fust espoentes
2351 2409 3198 2546 i l norent nue deune liue ale
2337 2477 3307 2623 q ñt encontrerẽt une runeretel
2332 2569 3335 2705 c on i peust grant nauie mener
2351 2641 3348 2787 p ar foi dist .h̾. nous sõmes acrape
2337 2719 3394 2869 s ainte marie. ⁊ car nous secoures
2341 2796 3430 2947 c ar trop fui faus. ⁊ trop desine sures
2332 2869 3503 3029 q ñt ainc entrai dedens cel gaut rame
2337 2960 3289 3092 o r uoi ie bñ nen poons escaper
2360 3051 3294 3188 q; dist Ge. mar uous esmayeres
2360 3120 3403 3256 c e est fantosme iel uous di par u̾te
2464 3211 3326 3366 i enfes .h̾. fu forment esmaies
2300 3161 2477 3443 L
2360 3407 3503 3607 i e cuit par foi qua mort somes iugiet
2487 3311 3563 3539 dist ases homes descendes des destries
2378 3489 3380 3653 s ainte marie cõ somes engigniet
2360 3552 3544 3762 q ñt auic entrasines dedens cel bos folliet
2364 3644 3430 3835 s i cõpaignon en sont tout esmaiet
2364 3725 3485 3908 c ar il ne seuent ꝯment il sont bailliet
2373 3812 3280 3962 s ire .Ge. mout bñ le me disies
2364 3894 3535 4076 q nͣt ne uous crui mlt̾ fui mal ensaignies
2360 3981 3462 4163 d ont regarderẽt contreual le grauier
2341 4072 3353 4240 .iiii.tours uoiẽt a cretiaus batillies
2360 4149 3376 4322 q; sor cascune auoit .i.gnͣt cloquier
2369 4231 3344 4445 o u .x .m. home peussent estagier
4401 478 5171 737 n alissies mie le trait a .i. archier
4383 669 5349 806 q nͣt il ne uoient ne uuiier.ue clochier
4383 747 4938 847 p ar foi dist .h̾. por poi si
4383 810 4870 901 q; dist.Ge. li quenus.⁊
4961 756 5185 911 smaies
4888 810 4975 911 [a] et
4355 920 5198 1061 m ais ne uous‸  p ͧ ͤ ͭ plus uis esragies
4364 879 5084 983 c e atout fait li fel na[$]li uieus
4351 988 5276 1152 n e ia por lui ne soies greuer ne touch̾.
4314 1047 4765 1188 c ar par celui qui
4287 1152 4706 1316 i a reuenra cou[$]
4300 1104 4771 1248 i e uous di bñ as[$]
4765 1115 5039 1216 esmayes
4282 1220 4574 1343 m ais ie [$]
4747 1202 5267 1302 en crois fu drecies
4722 1275 5092 1369 seur ensoies
4664 1360 5253 1454 rant cõme leuriers
4255 1475 5084 1607 q ue ia porlui ne soies esmayes
4483 1425 5276 1544 [$]ous pri por diu le droiturier
4248 1572 5153 1700 m ais cheuauchies. ⁊ asseur soies
4214 1617 5103 1762 n e ia por cose q̃ il sache huchier
4209 1685 5267 1862 u ous pri ie tous q̃ uous ne laraisnies
4205 1753 5221 1940 c ertes dist h̾. por noient douteries
4200 1812 5157 1995 m iex ameroie q̃ il fust escorchies
4219 1922 5426 2168 a dont mõterent sor les courans destͥers
4246 2072 5298 2222 t out lor cemin sen uont sans atargier
4232 2145 5380 2300 .u. liues oirrent dont il furent mout liet
4237 2222 5166 2359 m ais dune cose furent il esmaiet
4232 2300 5362 2414 p our les m̾uelles quil uirent el sentier
4232 2373 5075 2500 .h̾. paroles li nobles cheualiers
4237 2450 5267 2582 d ist a ses homes q̃ ni vaut delayer
4232 2518 5262 2641 p ar foi baron dix nous a bñ aidiet
4248 2608 5202 2720 q nͣt de cel nain somes si eslongiet
4237 2682 5271 2814 d iex le cõfonge q̃ tant ma esmayet
4241 2769 5207 2878 a inc mais noi ie tel paor ce sacies
4346 2842 5212 2956 ostre baron. ne sont pas arreste
4203 2837 4342 3024 n
4319 2892 5412 3042 ains sont errant sor les cheuaus mõte
4223 2978 5166 3115 c ar il estoient forment espoente
4228 3056 5244 3183 d roit u̾s la mer se sont achemine
4237 3124 5421 3270 d e la meruelle ont entraus mout parle
4232 3193 5207 3343 p ar foi dist h̾. dix nous a ꝯfortes
4219 3252 5244 3439 q [nͣt] de ce nam nous somes escape
4232 3375 5125 3621 l i uius. Ge. en a dit̃ son pense
4251 3480 5216 3694 s ire dist il si me puist dix sauuer
4262 3543 5385 3757 i a mout trestost deuant uous leuẽres
4282 3648 5180 3826 a insi quil ont ensenient deuise
4301 3730 5180 3899 s i cõ deuoient .i. poncelet passer
4305 3803 5298 3958 l i petis homs lor uint alencontrer
4351 3903 5080 4026 .h̾. le uoit mout en fu effraes
4346 3962 5285 4108 d ix dist li enfes uez ichi le mauffe
4360 4049 5239 4172 a uberons lot fierement a parle
4374 4131 5185 4304 u assal dist il tune dis nue asses
5458 555 6469 733 c ar par celui qui en crois fu penes
5442 771 6584 895 a uis te dibñ se dix me puist sauuer
5453 683 6606 833 i e ne fui onques anemis. ne maufes
5435 829 6615 997 i e sui .i. homs couie i. autres carnels
5431 915 6633 1079 e ncor uous uiẽg ie de par diu cõuirer
5421 1020 6360 1156 d e quanq̃s dix a fait. ⁊ estore
5421 1088 6592 1229 d oile. de cresine de baptesine. ⁊ de seil
5433 1181 6581 1308 u ous conuir ge q̃ uous me respondes
5454 1266 6341 1384 f uions por diu dist .Ge. li ber
5439 1330 6587 1460 c il naĩs bochus q̃ dix puist u̾gonder
5435 1407 6633 1539 r enderoit plait atous ceus qui sout nei
5442 1500 6666 1621 l ors ont brochiet les cheuaus abrieues
5421 1571 6374 1694 q; si sen sont tout xuii. tourne
5421 1639 6515 1781 m out souuent sont arr̾e regarde
5435 1730 6597 1867 a des lor samble quil lor soit au coste
5454 1822 6596 1937 l i petis houis est tous seus demoures
5433 1891 6514 1992 m out forment fu courecies. ⁊ ires
5440 1958 6510 2090 i l prist son cor de blanc yuoire cler
5439 2058 6447 2149 m ele a sa bouche sa tenti. ⁊ sonne
5439 2122 6532 2238 q; cil ne porent cheuauchier. ⁊errer
5445 2207 6663 2313 a ins les couuint au son du cor chanter
5451 2283 6559 2392 q; auberons sest forment dementes
5458 2354 6510 2482 p ar foi dist il cil sont tout forsene
5453 2427 6497 2550 q ui ensement me cuident escaper
5457 2511 6511 2629 m ais par celui qui est en mayeste
5467 2591 6715 2719 p uis quil ne daignẽt a moi noient parler
5453 2673 6424 2792 t ant ne les sache de ihũ saluer
5449 2751 6624 2860 q uil ne se ueulent uers moi adominer
5453 2833 6383 2956 i e lor ferai chierem̃t cõparer
5458 2915 6624 3029 d ont prist son cor de blanc yuoire cler
5462 2983 6488 3092 d esus son arc en a iii. cops frape
5462 3047 6510 3188 p ar mautalent est enhaut escries
5449 3138 6638 3261 t restout mi home uenes a moi parler
5462 3220 6524 3343 c ar ie le ueul por mõ cors conforter
5451 3316 6383 3410 a i cel mot en a maint arroute
5472 3379 6515 3489 p ar mi le bos uenoient tout arme
5472 3461 6561 3580 b ñ iiii cens sor les cheuaus montes
5463 3543 6596 3650 s i li demandent gentilz sire quanes
5460 3619 6429 3729 d ist aub̾ons aparmain le sares
5462 3689 6615 3807 q; nõpourqnͣt si me puist dix sauuer
5462 3771 6592 3885 d olans en sui qnͣt le mestuet conter
5466 3862 6565 3962 h ome uont chi qui ont mlt̾ fol pense
5458 3940 6697 4053 a moi ne daignent .i. tout seul mot ꝑler
5449 4012 6606 4135 q; si ne ueulent par men cõseil ouurer
5460 4093 6486 4233 s i lor estuet chierement cõperer
4628 4491 4868 4603 61d
4902 4336 5016 4495 19
6948 309 7226 428 CCCXU
7063 418 7219 510 315
