8006 5587
1299 591 1132 139 Cui iam̃ forment et meruelles lai chier

1294 692 993 108 E t uonporquant il ue vaut .i. d.

1285 772 1120 84 Q ñt lengeurai si me puist dix aidier

1291 847 984 87 Cent aus auoie de u̾te le sachies

1263 912 1027 96 S el ine iauda li gloricus del ciel

1263 980 1043 118 C est nr̃e sires par lange gabriel

1263 1073 1105 94 Que ie geusse a ma france moullier

1257 1145 934 99 Et ie le fis de gre et volentiers

1244 1232 1043 108 S i engeurai 9. maluais hyretier

1247 1319 972 99 C harlos a nõ sen ai le cuer irie

1244 1390 1034 96 M ui ne me veut secourre ne aid̾

1243 1461 1104 112 Mius aũe asses les traitors boisies.

1247 1545 1161 109 Queles preudomes de urete le sachies

1244 1620 1174 111 Si me crieni mout qͥl nen soit cũchies

1244 1694 1214 103 E ufrance auuit mannt morteli enꝯb̾er

1234 1745 1006 126 Ꝙ tout par lui de urere le sacies

1224 1834 1202 121 Gl fist la guerre vers ledanois ogier

1248 1918 1029 102 B auduynet ocist duu eschequier

1229 2008 1173 87 C ert filz au duc si lauoit forment cier

1238 2076 1197 107 Puis en morureut manit vaillant chłr

1220 2150 1206 108 b ertrans li fil namlo̾ en fu pꝰ detrencies

1216 2231 1106 115 M amis ⁊ aniles ocist li dus ogiers

1210 2304 1179 131 Maint gentil home enfurent essilliet

1206 2393 885 116 Sn lombardie fux a desier

1226 2480 900 117 D e la le fis. ⁊ geter. ⁊ cachier

1226 2560 968 121 O ucastel fort couuint fuyr og̾

1224 2635 1025 107 a nis ni meua sergant ne esciuer

1229 2715 981 128 F ors seulement q. vaillant chlr̃

1206 2779 875 107 J e le sui acoite de destrier

1219 2864 969 106 m si lassis. ⁊ deuant et derrier

1216 2936 944 118 vii. aus isis a tout maint chlr'

1220 3003 1234 158 L ins neu poi p̾ndre seu fui graĩs ⁊ iries

1210 3091 1164 140 Mout isouffri danus. ⁊ de meschies

1219 3175 1140 143 M ais eula fui qnͣt tant oi guerroie

1229 3240 1090 144 s i couunit il sen bon castel voidier

1234 3328 1020 121 S i sen fui tous seus sans escuier

1229 3398 1099 131 u ne vespree par .i. gaste moustier

1234 3477 978 135 w laudemai qñt il fu esclairie

1234 3552 1155 149 F is assalir augrant palais plemer

1235 3631 1105 140 Q ñt fusmes ens mpoitrouu̾ ogier

1215 3715 1053 135 A dont fui ie mlt form̃t courecies

1220 3794 1141 135 L e men reiũg a paris mẽ droit fief

1229 3878 1127 144 L i arceuesques qui tant fist apisier

1223 3969 1123 128 s en reuenoit a rains larceuesquie

1219 4041 1099 149 E n mi i. pre troua dormant ogier

2473 554 950 172 Ou se dornoit cous sens tius atuir

2501 675 810 135 I iluec le prist et si le fist loiet

2482 730 983 126 L ues quiꝰ lot prusnsp.⁊ messag ior

2498 828 947 118 S ⁊ ne manda par se ls ⁊ carbreo

2511 890 909 137 C otpris le dut senfui. muedis les

2492 968 901 130 A dont le vauch ocire et dececutb̾.

2495 1033 907 134 T ait uie pria ses lignages lisiers

2508 1101 953 156 Q uu porte tecle le fis ie eiubuschier

2496 1154 964 182 L irceuesques qui tant fist apaser

2523 1244 910 177 C isst douner aboire et ameuger

2495 1309 947 187 .ii.as apres q̃ vous moes plaidier

2505 1378 974 200 I ie alcon eñ inon palais plener

2491 1443 1006 228 A put rouuent sarrazm ⁊ pareu

2491 1503 1067 247 S iaienerent le mal paieu brebier

2505 1564 1118 247 M agent mandai par sears.⁊ par brc̃

2505 1676 904 237 T ant q̃ genoi bñ he milliere

2510 1704 1066 274 C ontre celui fis magent enuoier

2514 1764 1147 293 Car casciu ior me voloit haut huchꝰ

2514 1904 904 228 Que ie fesisse ormon ⁊ . chse

2498 2098 1143 192 Sil le pooit ꝯquerre au branc dacier

2514 2164 1058 182 Il me lairoit eu pais mes yrities

2523 2256 1133 161 P ar vii. foyes si me puist dius aidier

2492 2355 1037 137 E nfisxł. aruier. ⁊ haubregier

2502 2436 1080 149 E ncontre lui les enuoiai lanchier

2508 2514 993 133 N e lempirerẽt vaillissant.i.d̾.

2473 2597 884 117 D esi a .x. eu i ot detrencies

2482 2667 1127 154 Ie ueuch auic puia si vaillant chlr̾

2495 2765 1099 121 Q ui contre lui sen osast auanchier

2491 2821 1081 140 I e mauisai du bou dauois ogier

2492 2911 1211 137 Q ui taut iert fors ne criẽt home sousciel

2501 2989 1173 135 G ũ porroit faire le bataille abrehier

2496 3063 871 121 J e le mandai ⁊ lefis dessier

2495 3159 1081 121 q si li dis par mout grans amisties

2482 3226 1155 130 S il se vaurroit ꝯbatre vers brehier

2491 3296 1011 112 I e li rendroie toutes ses preties

2492 3373 1171 112 s il le proit cõquerre au branc dacier

2495 3448 1137 112 M ais li frans dus nel me volt otrier

2495 3513 1174 121 Se li miens filz ne li fust ains baillies

2510 3598 1006 131 I eli baillai dolaus et courecies

2508 3678 1061 121 E l mont daraĩue la lifis enuoier

2498 3737 1177 161 A dont le prist li vaillaus dus ogiers

2492 3851 1003 137 S i leust mort de vrete le sacios

2501 3920 1103 521 O ũc li sams aus leso li descendi ducies

2487 4031 954 424 l e cop retint du vaillaut chle'

2463 4106 969 479 O. ũt il le vit seu fu ioians. ⁊ lies

4668 533 795 146 Neu filcourut acoler. ⁊ baisier

4665 620 838 131 Q ũt iele ui selcouru embrachier

4650 673 909 158 Mais par celin qui tout pue uisticier

4620 730 978 191 Ni iens merenit quil leust detreuciet

4638 796 792 191 Car il ne vaut le monte dũ deu̾

4596 865 1006 210 A ces paroles e vous charlot ou viẽt

4582 912 927 247 S e son poĩs tuit. ⁊ inst bel esp̃uier

4554 963 955 280 ¶ les montes sus el palais pleuier

4503 1168 1113 177 euotio nosueues ⁊ enuoilies

4531 1247 927 159 E ncor uot onq̃s xxv. aus entiers

4517 1322 824 149 B arondist .Rr. vez ci biau chli

4512 1410 913 121 S l deust bñ manitenir uiyretie

4494 1489 1052 117 E t nõporqñt por diu ie vous requier

4510 1582 1096 100 Q ue roi eu faites ie vous eu veul prier

4501 1641 934 115 Car cest li oirs de france ce sacies

4489 1713 1151 121 S ie dist slauiles por duicar larraisiues

4491 1790 926 125 S il veut le t̾re reteuir et le fief

4510 1877 950 118 Ce respout k . a vo plaisir en iert

4499 1941 987 149 L irois lapele toiant mauit chlt̾

4499 2020 1080 154 F ins vien auaut uaies soĩg datarg̾

4485 2104 824 158 s si rechoi ta terre ⁊ tyretie

4467 2175 1040 183 S i mait dix tu tenras si fnͣt fief

4447 2244 1183 191 C om damedieus quitout puet uisticier

4443 2332 1103 186 T ient paradis le gloire droiturier

4433 2397 1062 196 I l ueu a home sous le cape du ciel

4429 2476 964 201 Se il te tolt̾ le monte diui.d.

4433 2560 1099 205 Q ue ne le puisses destruire et essilł

4429 2649 1145 218 ere sai marche. ne pars ne regine

4419 2816 1141 219 S ant cõ dius soit seruis ⁊ essauties

4429 2919 1159 186 O ue tu ne soies cremus. ⁊ resoignes

4443 2993 1089 191 F ilz naies cure de traitour lasiuer

4443 3063 1234 205 A s plus preudomes vous ales aconitier

4443 3156 1215 200 C ar des preudoies ne vꝰ veura fors bñs

4443 3245 1061 177 P ortes hõuor ⁊ amor au clergiet

4471 3338 1099 177 a sante egly̾se penses du repairier

4452 3412 1202 163 D ounes du vr̃e as poures voleutiers

4461 3491 1183 173 S ire dist lenfes a vostre plaisir iert

4489 3571 1165 158 A ces paroles que vous moes noucier

4494 3654 1118 154 L. maus tr aitres en est leues eu pies

4592 3729 1066 158 nauris fu de la court de peunier

4512 3808 1034 158 d euant .k. en vint tous estaissies

4526 3887 1086 168 C is vauraiaz. tel plait ꝯmencier

4512 3962 1100 158 D out douce frauce fu en gnͣt destorbꝰ

4559 4050 959 140 S ire dist il maldites par mõ cies

4564 4115 1071 135 q uout gsĩt mal si me puist dius ard̾

4573 4204 964 158 O in ur̃e sa dones terre abaillier

5730 586 1136 93 La on vous nestes ne ames ne prisies

5719 651 992 112 F c sai tel t̾re qui bñ pres de ci fiet

5718 748 1092 96 Q ui si vauroit de par vous reuonch̾

5699 810 1145 108 O n li feroit tous les membres treuch̾

5711 900 1133 108 H e: dius ou est ce dist .k. au vis fier

5718 971 1074 106 Dist amauris ce uous dirai ie bñ

5693 1055 1161 102 C est a bordiaus quasses pres de ci siet

5690 1129 1130 90 M ors est li dus bũ a vii. aus entiers

5696 1201 1170 99 s eme en sont doi garchon pautõner

5680 1269 1307 106 Qui ne vous daignent seruir neteuir ch̾.

5696 1353 1003 93 B e s emip̾. et car le faites bien

5681 1424 1006 103 Car me carcies plente de chlr̃s

5681 1494 1011 116 & si pndrai men lignage le fier

5686 1564 1141 121 D usqua bordiaus in vaurrai atarg̾

5695 1643 1216 135 Les iz . gloutons prendrai sans delauer

5668 1741 1038 102 S es amenrai a paris el plaucier

5683 1828 1012 105 S i les porres. ⁊ pendre. ⁊ essillier

5693 1899 1012 109 ꝙ dist li rois ie lotroi volentiers

5683 1970 1233 112 S iredist Nauiles mal dites par mõ cief

5690 2070 1080 108 O u ue doit uue traitour essaucier

5696 2150 1052 118 Netous lorbons graer ne otrier

5677 2230 1141 130 L i doi enfaut sont iosuenc ce sacies

5699 2327 1052 106 P ar nichete oublient tel mestier

5662 2411 1210 109 Seuins li dus vous serui volentiers

5693 2498 1015 96 Ce fu lor peres duis li face pitie

5691 2565 1187 112 M out vous aina ⁊ forment vꝰ ot chier

5803 2649 982 111 lauoit droit dist k. au vis fier

5681 2728 1104 126 Sil me seruoit degre et volentiers

5671 2812 1282 124 B ele ert la rente quil tenoit par mõ cief

5668 2899 1059 114 .iii. iors en lan en portoit le relief

5708 2970 1112 136 A u ior de pasques cõ doit cũmenier

5723 3054 1104 139 A penthecouste ce haut ior enforciet

5705 3147 1053 112 s au soel qui tant fait aproisier

5702 3215 1257 134 Mais ce niert mie duu bliaut entailliet

5693 3305 1279 131 A ms iert des tables dont auoit le relief

5711 3395 1211 109 M ais ce estoit des grãs coutiaus dach̾

5728 3459 1248 121 d es beles napes qui tant font aprisier

5723 3533 1118 140 D es hanas dor ⁊ dargñt ce sacbies

5728 3626 908 131 b ñ sc pooit vauter. ⁊ afficier

5711 3706 1149 127 Q ue ui mil lb. li valoit li mestiers

5714 3785 1220 130 O r vous dirai quen deuoit de requief

5718 3864 1288 127 Q ñt iel maudoie par seaus.⁊ par bries

5733 3934 1104 144 Il me venoit et secourre. ⁊ aidier

5739 4013 972 127 En sa ꝯpaigne uii mils cblr̾s

5733 4101 973 140 Le mi metoie vaillissant .q. d.

5719 4162 1178 228 F ors q̃ l auam̃e le soir apres meue ᷤᷤ

5007 4599 65 100 A

4858 4658 170 134 L li

5218 4669 68 126 A

7135 349 368 167 cuuidom

7270 409 191 182 29g
