8006 5466
1449 583 947 195 S̃ ara auchois a gaudise n nie

1458 692 1093 168 G iaus nies dist o des paracors.S. omer

1439 778 862 164 Q usi fuge fors de frante getes

1466 871 845 131 D ont renoyai sainte cresticute

1454 956 811 128 C hi uiarestai. ⁊ si sui maries

1454 1029 984 121 S i ai grant f̾re. ⁊ chastiaus ⁊ cites

1463 1123 842 112 D e par ma feme q̃ ie ai esporise

1460 1187 939 124 O r vous dirai ꝯment esploiteres

1444 1257 989 123 V ous eirveures aniut a mon hostel

1460 1351 984 115 d usquademain q̃ solaus iert leues

1457 1415 1012 127 Q ue ie ferai de mes barous mauder

1457 1506 969 118 s i vous ferai condiure asauuete

1458 1576 1066 145 Car vous aues mout fort pas apasser

1467 1662 929 132 Sire dist . b'. dix vous en sache gre

1439 1740 957 136 E rrant irai puis q̃ vous le voles

1417 1808 865 127 ꝙ dist .Ge. vous enrepentires

1417 1890 1048 127 Ce feranon dist li prouos houdres

1426 1976 834 123 b sentorne q̃ mest arrestes

1426 2045 975 127 T ous ses auoirs fu portes a lostel

1426 2118 1011 150 Li bons hanas ui fu me oublies

1426 2200 1034 132 M ais li cors. fu tu le maison hondre

1417 2291 897 118 Dont il auoit auberon apele

1421 2373 975 114 A ueuc son oncle a cele nuit. este

1435 2446 961 136 C ar cele nut ne li pot faire mel

1426 2532 979 123 A lendemam qnͣt solaus fu leues

1435 2614 907 128 L i enfes .b̾. fu vestus. ⁊ pareo

1435 2678 1157 132 V uit a son oucle pour cõgiet demander

1426 2769 1016 114 B iaus mes dist il eucore neu ires

1430 2842 1080 132 I e ferai ia de mes barons mander

1439 2928 825 128 S ire dist .ħ̾. a vr̃e volente

1435 3001 1166 128 L es tables metent. sassiseut au disuer

1453 3088 857 114 & li traytres a iosfroi apele

1453 3179 848 118 .. chle̾ qui fu de france ner

1467 3261 884 109 Q ñt sen parti olui lot amene

1449 3347 842 105 M si li fist renoyer damelde

1449 3425 797 118 Il lapela cs̃ ia oyr porres

1453 3502 1012 123 I offroi dist il enu̾s moi entendes

1449 3589 1216 114 En cele cambre tout maitenant entres

1439 3666 1176 110 s si me faites .vii vns homes aruier

1449 3757 1216 110 l e fil mon frere tout uiaiteuant tues

1439 3848 1212 114 S il vous escape mamour perdue aues

1471 3930 752 101 m cil respont a vr̃e volente

1480 3990 1185 132 d roit en lachambre en est ioffrois entres

1444 4094 1094 101 .Vii. vnis haubers a la dedens trouues

1458 4163 979 132 O ũt il les voit si sest. bñ porpenseo

2715 619 799 106 H aꝰ las fait il chetib q̃ dexenres

2709 658 947 143 C om plus fait ou de gnͣdes maluanstes

2692 728 857 164 T aut aomplus arendre adamelde

2702 774 1048 196 C il maus traytres amout le sens derue

2702 851 1029 182 C est fil sou frere quil veuc faire trer

2702 933 993 192 Sermo ses peres me fist ia gñt voute

2702 1024 838 187 A .r tournoi ou ie estoie ales

2711 1088 847 196 Se il ne fust geusse este tues

2724 1156 966 201 P uis q̃ li peres me fist tele amste

2724 1234 989 178 T ele doi bñ ason enfant moustrer

2724 1289 1016 236 dix me cõfonde se par moi aia mel

2733 1393 912 201 A ins le ferai a ceudon ꝯparer

2724 1425 1103 255 D ont sentour na v̾s la chartre est aleo

2711 1494 1093 287 O r orres ia ꝯment vaurra ouurer

2876 1712 1048 158 Assent joffrois qui bñ se pour pensa

2879 1794 1098 173 vint alachartre .vii vins fnͣtois trona

2694 1732 194 194 Q

2733 1885 1017 123 S ignor dist il amoi entendes cha

2743 1972 1002 105 h ui en cest ior ihũs vous aidera

2761 2045 1002 109 Se cuer aues hui vous deliuerra

2733 2122 1090 114 M cil respondent par dui qui tout cria

2729 2209 1185 100 C hascuns de nous mout gnͣt talent en a

2738 2286 1171 119 I usqualamort nus ne vous en faurra

2733 2359 916 105 S e de cheens poyemes issir ia

2743 2441 993 128 J offrois les ot gnͣt ioie demena

2738 2514 1135 132 T out mon pense dist il orres vous ia

2733 2596 989 105 e n cel palais .i. franc damoisel a

2757 2687 951 106 Q ui est de fñce le pays natural

2770 2755 1103 123 D roit de bourdele ⁊ sevnis leugenra

2760 2854 1142 97 O eude est ses oncles si dist quil lochirra

2770 2910 1043 128 Mais se dieu plaist li lerres ifaurra

2769 3015 1009 91 Mbenois soit qui decuer maidera

2782 3079 1169 115 V. engies voꝰ bien des maus q̃ fais vous a

2774 3156 953 128 Or verrai ie liquels mix iferra

2788 3234 957 145 g ellont dit ne vous esmaies ia

2784 3338 1152 219 C ar tous li pires hui cestr ior võno sera

2770 3439 929 136 A ycelmot trestous les deliura

2779 3521 1057 150 D e la prison trestous hors les geta

2779 3584 1048 201 g en la chambre trestous les euuuenq

2752 3675 1016 160 .Vii. vins haub̾s en .i. mout itroua

2747 3753 916 150 I i les apele. ⁊ les arraisona

2775 3856 1036 118 S ignor dist il ⁊ varrestes vous ia

2772 3929 1036 131 Que benois soit qui tost sadoubera

2760 4020 1188 152 Casouus daus sar me car mout le desirra

2775 4096 1070 146 V estent haubers chascuns lelme lacha

2752 4163 1034 196 M. au coste casenus le branc chuur a

4766 592 688 109 Tus upolait iostoit let amena

4880 651 729 105 sibaron furent fer uestu ⁊ arme

4743 619 163 210 D

4889 724 711 114 ionstois les a upalais amenes

4744 792 686 112 E t huelins ason onde aꝑarle

4697 838 770 150 S ire ditil pont dieu demaist

4670 911 939 163 a ant feres vous vobarnage mander

4661 965 952 182 Pasans dis oedes lassies tout es ester

4647 1047 975 178 Pir mahõmet vous nema ꝑt tenes

4629 1115 1007 187 E t bien sochies qnefat vous me caperes

4620 1188 984 201 Pepos.i ex plus bel ioat nevetres

4615 1248 743 186 A uos escrie mi chl̾ feres

4593 1311 893 228 s il vous escap amort estes livre

4579 1380 939 246 M ues lentent mont enfre abosmes

4547 1448 943 251 I snellem̃t est sor ies pies leues

4520 1521 970 260 Sesper tace quili pent an coste

4524 1585 930 273 Mot nensanoit oedes li derues

4476 1648 1001 292 N esacompingne dont illiot asses

4470 1712 1020 319 c iert ⁊ abat̾ sagen sont antretel

4488 1958 938 223 e tnpmen saliteat de tous lef

4488 2058 984 192 A hi celmot iest ioifrois entres

4488 2168 1043 132 m on ioie escrie asanois haute ⁊ der

4497 2218 1116 173 Ceres baron que diens vꝰ pꝰ st sanuer

4492 2318 1048 123 S or cele gent conq̃s nepoc amer:

4474 2400 934 109 Et cil sifont qͥ en ont desirer

4483 2468 994 114 c ez.sar̾rs detrencent les costes

4479 2537 1152 136 E t quant voit odes que ne stꝰ pas escler

4501 2623 1058 137 s acies deuoir ne li vint pas agre

4506 2710 1071 114 e nfuies tourne que ni est demores

4520 2773 1080 119 e nvne chambre est lipaens entres

4515 2855 1048 119 H nes lesiut tont au le brant letre

4515 2928 993 110 m aas litraites liest bien escapes

4520 3010 979 119 par les senestres est salis es fosses

4520 3079 961 114 Mal soit delm le col na des none

4497 3161 1025 127 E t joistois est vpalins demoures

4511 3229 1007 132 L es.sart̃s .ont trestons decemipes

4511 3297 1038 137 C il nen est vns tous sens escapes

4520 3370 879 137 Plis de.ct. engisent es fosses

4506 3461 1094 123 Q ant les uoit odes apoi nest forsenes

4497 3521 1075 182 E t noftancois sont vyalais mnonte

4506 3630 1153 346 Les huis v̾rellent ⁊ lespons ont leres

4552 3757 975 283 E tpuis se sont connut ⁊ ranise

4570 3835 1025 259 g rant ioic mãinent libaron nature

4602 3926 929 255 M ns cele ioie tourna apourete

4629 3994 943 233 c it liraites afait un cor sonner

4647 4081 830 291 Q uent me demie line aie

2584 4770 346 252 m

3100 4685 85 100 ui

2997 4800 353 161 eus et realuo

5716 577 1046 115 Qrnant ilen occerc assambies

5709 643 1082 116 Q ui li deratadeat sentis sire caues

5695 710 1067 146 S ignour diauͦ erralment le sares

5695 788 1149 145 En mon palais font francois racate

5691 865 1180 137 T olut lemont par lor brant cruaute

5700 938 1166 141 f aites moi tost mes engiens amener

5700 1029 1084 118 E t cil sifont quil nelosent veer

5700 1097 1166 141 Les engiens ont encontremont leues

5703 1199 1033 106 E t le palais abatent de tous les

5714 1252 1011 146 Puis iont tant ⁊ feru ⁊ iete

5695 1339 1171 123 C une destours font aterre verser

5697 1415 1203 118 Q nant leuoit kues lifans li est mues

5695 1498 1180 123 E diens fait il qui en crois fus penes

5691 1571 1184 123 S erons nous dont chaiens si atrape

5682 1653 1148 118 b ien nous poons ⁊ prisier ⁊ vanter

5695 1730 1135 123 Qͥ senous sõmes nepris ne atrapez

5686 1799 1144 145 Nons setons tout pendu ⁊ trani ne

5682 1894 1193 110 ⁊ dist Seriaumes hue que ne cornes

5700 1958 1189 141 d utont entout nous as cu mal mene

5704 2054 1121 141 Jou nai decoi dist hues en nonde

5700 2140 1125 128 C ar in laisai mon cor amon ostel

5700 2209 1125 118 A foit distil dieus tepuist crmuenter

5709 2291 1075 118 a hi celmot que ie vous ai conte

5723 2386 1121 101 E vous ou vient libons puos hondres

5718 2450 843 109 V int a odon silena apele

5695 2523 1117 123 S ire fait il chou est srans foletes

5718 2596 1094 137 Q uant vopalais ensement abates

5723 2687 1089 123 Faites lebien sil est vouolentes

5732 2764 1080 119 a les alu ⁊ se li pour metes

5725 2842 944 103 E t selidites en fine loiante

5715 2918 1246 118 Q ne sil vous rent vobrant palais liste

5731 3003 990 106 V ous len laires aler asauuete

5723 3056 1134 141 Et res pont oedes preuos car islles

5727 3152 1085 136 d ist li preuos tout auouolente

5727 3234 1130 123 a tant seutourne lieraites est remes

5740 3313 1017 115 E t dist embas que ne fu escoutes

5718 3379 1135 137 par lesignour qm encrois fu penes

5723 3470 952 119 Se iou ietieng il sera traines

5728 3555 1063 110 E t li preuos ne sest mie oublies

5736 3616 1212 141 V int au palais tout droit sus les fosses

5743 3722 990 110 a haute uois conrencha a crier

5752 3795 1075 107 E sire hue laisieme arous parler

5745 3867 1181 132 dieus dist li enfes qrz me vient visiter

5755 3944 1130 123 Ce suige sire dit li preuos hondres

5776 4011 1121 149 Ostes dist hues pour dun crne me dites

4941 4558 125 118 Q

4938 4688 188 182 67E

7243 452 146 173 32i

5622 4709 374 438 .ui
