8006 5587
1219 670 1093 118 D usquau palais ne vout resne tirãt

1196 740 1090 144 L a descendirent li cuiu̾t sousduiãt

1204 828 987 103 k escoute sot mener le duel gnͣt

1192 898 1029 116 Deest ast̾a ioi nõmer men enfant

1285 983 968 112 harles escoute qui le poil ot floriri

1117 1001 177 204 Q

1282 1077 925 108 Et oit mener et le noise. ⁊ le cri

1168 1140 951 135 Naỹ. apele qui le poil ot flouri

1168 1224 857 121 Je cuit cest cil q̃ hues a ocis

1164 1280 875 135 Por amor dui car iales oyr

1159 1359 1011 121 Mout volentiers si ap̾ li respondi

1164 1438 1010 135 Il aualales degres marbermo

1159 1522 1029 135 V uit au perrõ ou estoit amauris

1173 1607 900 100 q uit charlot en .i. escu gesir

1173 1679 1102 115 T restout sanglant. ⁊ feru dusq̃l pis

1154 1766 1109 108 .ii. fois se pasme sor le cors du mescm

1167 1862 1052 81 Qnͣt se redrece si ont charlot saisi

1173 1936 1173 97 M si lemportent sus el palais marbrui

1145 2002 992 121 D euant k le roi de saint deuis

1155 2081 1080 116 G nt duel demamẽt lignͣt. ⁊ li petit

1150 2169 1080 112 A tant ez vous lecuuiert amauri

1179 2256 978 112 De lune part tenoit lescu uoltis

1155 2327 1019 121 q dautre part lidus stap le prist

1155 2421 1010 111 E t amauris sescria ahaus cris

1150 2500 936 121 D rois emp̃. li traytres a dit

1155 2579 964 135 P or lamor dui receues vr̃e fil

1136 2644 1253 158 L enfant charlot q̃ vous par anues si

1159 2760 992 126 R lenteut toud li saus libouli

1164 2844 1080 117 Son enfaut uoit detrencie. ⁊ ocis

1164 2933 1160 121 Sor lui se pasine ne sai v. fois ou vi

1155 3016 1113 112 Qnt se redrece sisescrie a haus cris

1164 3113 1074 96 S ainte marie cõ lait p̾sent ai chi

1173 3197 1027 93 Sire dist s aypordiũ de paradis

1164 3265 1083 118 Maitenes rous aloi dome gentil

1145 3352 1039 111 Si deniandes le cuuert amauri

1150 3436 950 111 P orlamor dui qui atõ fil ocis

1145 3510 848 126 J ou li demant klmn. a dit

1131 3594 1016 102 dist amauris iale porres opr

1167 3671 959 103 Cil damoisiaus q̃ ie voi la seir

1157 3752 1084 137 Q ui aces coupes uoi boire vr̃e vin

1170 3848 947 112 S imait dix ton eufaut a ocis

1136 3924 941 140 k. lentent tous li sans li fui

1145 3994 801 131 .. regarde le chlr̾ de pris

1182 4081 1093 146 Sor vne table voit .i. coutel gesir

1150 4162 843 172 I suelem̃t le coutela saisi

2421 637 899 126 J a enferist huonpar anlevio.

2440 735 959 117 O ñt li dus srag. fors des poĩs litoli

2449 805 867 121 s ire dist il aues le seres mari

2426 865 978 145 S asseuras liui matai le meschim

2435 940 1081 154 Cc seroit uiurdres si me soit dix ams

2538 1005 1001 144 Eaus fu li dieus sus el palais luisant

2393 1061 154 186 O

2539 1098 1024 143 pleur ent ces dames escuier.⁊ sergãt

2431 1159 1141 153 F restout regretent charlot leꝯbatant

2455 1247 996 149 & li rois .k. ot milt̾ le cuer dolant

2467 1309 1084 162 Souuẽt se pasie par desus son enfant

2455 1396 1012 162 o li dus si ap̾ le rait recõfortant

2435 1480 969 154 Sire dist il por dui om̃potent

2464 1539 1087 177 M aintenes vous aloi dome sachant

2431 1601 1192 224 Ceque voꝰ faites deuroiẽt faire enfant

2458 1710 1059 177 Sire dist siay por le cors s auant

2461 1769 1146 177 Q ñt dus ogiers li preus. ⁊ li uaillans

2467 1843 1130 190 V ous guerroia ⁊ trestonte rogent

2474 1946 981 158 M on fil ocist que ie amoie tant

2459 1992 1080 205 Le messagier s̃ apoloit bertran

2473 2039 1108 260 E ualai io si foronos homaianta

2445 2216 1178 163 Qaie par dui amo miaian cõfortaut

2449 2323 1062 135 O rois emmp̃. por dui le roi amant

2449 2421 1211 130 l aissies le duel. car trop le menes gnͣt

2454 2514 1220 125 Puis quil est mors li diels ni vaut noiẽt

2454 2602 1169 126 M ais demandes daut amo̾rri le gnͣt

2440 2681 1150 117 P or lauior duiqͥ a mort tõ eufaut

2449 2770 1090 125 I e lidemande dist .lv. li vaillans

2445 2858 1197 121 C il damoisiaus qui la siet sor cel bant

2464 2961 1155 90 Q ui a ro coupe vi boire vo uni blanc

2474 3029 990 112 k lentent tous li uiua li sans

2477 3116 974 96 ħ. regarde mout ayreement

2449 3179 1202 131 L es deus esqͥgne les iex uarouellant

2445 3263 1206 163 D eseur lacable voit i. contel gisant

2483 3361 819 99 k le preut tost ⁊ isuelem̃t

2454 3426 1020 158 I a enferist . ħ. par mi le flanc

2489 3510 1161 146 Q nͣt li dus siay des poĩs li uaostant

2492 3631 963 96 Sire fait il aues perdu le seus

2480 3699 1161 134 Q ue voles faire por le cors ss.amant

2486 3786 1090 137 Qnͣt.ħ.vint en cel palaio plus gnͣt

2492 3879 1096 125 V oiant fraucois lalas asseurant

2477 3938 1234 168 Q uil uaroit garde de mul hõme viuãt

2491 4031 1076 163 Se cuiefiers rien quut el munlir:

2468 4148 1118 316 ¶ isent indes põr du dĩprent

4666 628 922 149 E uen autores honte ⁊ repche gũt

4675 738 891 112 A ay dist l. iai mout le cuer dolãt

4648 810 931 121 Qũt reui mort tout eusi mõ enfãt

4634 878 755 109 Qnͣt.ħ. oit t̾d. ainsi parlant

4644 949 785 128 E cq̃iloit quil le ua mancchãt

4619 1033 922 130 S acies de voir mlt̃ sen vaesiaiãt

4594 1098 909 149 ꝙ uõpqñt sifait il bon samblant

4592 1168 973 149 Sorses pies est saillis de maĩtenãt

4581 1241 687 134 E tesionga .Ri̾i.le franc

4560 1312 900 143 ꝙ pins apres si lala raprochant

4540 1378 1020 177 Mout belemeut le vait arvaisonãt

4536 1438 801 158 drois emp̃. dist h. li uaillans

4512 1513 1072 205 A emales mnie de coutians manechãt

4508 1592 945 172 J ai mort celui q̃ ie voi la gisant

4475 1657 997 209 M ais par celui qui aida moysant

4471 1718 1024 209 enẽ soi mot q̃ ce fust vr̃e enfant

4461 1797 1067 209 S ele seusse par le cors saint amant

4429 1870 1089 248 C uidies q̃ fusle issi tres nõ sachant

4422 1936 1041 289 qi na ur̃e cort denisse por garant

4419 2150 997 205 L ape par dui ie pere roialinant

4414 2244 1067 181 A ms menfuisse certes en oriant

4405 2318 1146 191 I amort celui ie ue vois pas noiant

4415 2407 1076 167 M ais ie le fis sor niõ cors deffedant

4405 2490 1127 177 Ne males mue sire rois manechant

4410 2583 1094 159 P or quoiiries bors ne viles ardant

4408 2672 1031 144 Ne poure gũt a martire luiraut

4419 2756 1132 149 D ez me chi prest en vo palais luisant

4410 2835 1076 163 Cuicaye mort alespee trenchant

4419 2914 1118 158 a u iugemĩt de franc meu atent

4413 3007 1073 154 Droit vous ferai emp̃. vaillant

4439 3091 1102 143 Com augeront bauuer et alemãt

4424 3184 1104 126 D ient francois il parole auenant

4433 3259 1165 135 Seriens seit dire amauris sor leufãt

4424 3356 964 114 S ile desraisne tost. ⁊ isuelem̃t

4545 3436 1006 116 har les regarde dant say le flori

4540 3515 848 125 Cõsillies mor sire si aỹ. Fait il

4415 3444 125 187 O

4443 3594 880 126 Or ferai ie de mõ fil quest ocis

4443 3682 959 112 Sire dist se.ien ai le cuer mari

4424 3747 1034 117 Por amor dui qui onq̃s ne meuti

4447 3827 1057 135 C ar demandes lecuiuert amauri

4447 3896 1011 145 Pour quoi vos fil q̃ ie roi la gesir

4443 3966 940 191 A la etros le blanc haub̾c̾ resti

4457 4073 1052 312 pamit urarie dame qui queroit il

4494 4185 955 279 I avous dirai sire dist amauri

5623 640 1046 137 E t se ment diex me pinst malere

5626 744 1001 112 Ersoir au uespreqñt il fu asseri

5626 824 1066 111 E har los uos filz alostel me requist

5602 898 992 130 Que ie alasse engibier aueuc lui

5602 1052 1090 111 Le me doutoie de lardenois tierri

5621 982 973 130 Le ialai her las porquoi le fis

5593 1210 1155 126 Sous le bruellet qui est desous paris

5612 1131 1266 130 Por ce alasmes les blans haubers uestis

5602 1289 1053 126 La en alasmes quer ⁊ moi. ⁊ lui

5602 1364 1104 111 s si getasmes nos ostoirs es larris

5607 1438 1099 112 V n. en ꝓdismes ersoir alauesprir

5612 1513 1024 116 h ui matinet qũt il fu esclarchi

5607 1592 987 107 V ismes venir berart ⁊ huelm

5607 1666 987 117 hues lauisnes auoit loisel saisi

5598 1741 1108 121 Charlos vos filz son orsel li requist

5607 1825 890 111 ꝙ li traytres mie ne li rendi

5597 1908 1176 103 Tant estrierẽt quil feri gerardin

5588 1978 1090 117 O sit le vit.h. si traist le brauc forbi

5593 2062 904 112 Que le fendi enfresi q̃ el pis

5607 2146 1155 121 Puis seutorna fuiant par deuãt mi

5612 2220 1211 126 I l et ses freres sor les cheuans de pris

5603 2318 1145 118 N en poi ataindre seuoilecuer̾ mari

5598 2393 852 121 A escient atou enfant ocis

5606 2473 947 128 M sil veut dire q̃ ie aye menti

5612 2566 1108 118 V ez chi men gage ou ie le vꝰ pleuis

5618 2656 1084 115 S auite marie dist labes declugmi

5615 2731 1233 130 S ignͣt mẽchoĩgne nꝰ houi dechar noy.

5618 2802 1189 140 S or sanis uirroie ⁊ moigue uii vms

5609 2905 1229 143 Que cest menchoigne q̃ cil lerres a dit

5624 3007 1196 109 Certes dist .kr bel tesmoig uage a chi

5618 3085 1077 112 Que dites uous dist .R. amauri

5626 3156 987 126 Sire fait il si me soit diex amis

5635 3240 1048 140 L abes dira du tout asou plaisir

5640 3324 1220 127 C ar deuant vous nele veul desmentir

5631 3408 1198 118 Mais par celui qui maint eu paradis

5640 3468 1010 140 h uõ ferai par la gueule gehu-

5631 3560 1164 124 Q ue cest menchoigne q̃ hues uꝰadit

5621 3625 1214 146 Qñt leutent labes mlt̾ belem̃t li dist

5621 3720 1011 121 Ou voit huõ si licrie a haus cris

5626 3785 1052 149 h es que fais tu dist li abes amis

5628 3870 1111 146 O ffre ten gage car li drois est ati

5628 3960 1145 130 Et se tu ies ne vaincus ne maluns

5628 4056 1123 121 Mdameldix veut teltort consentir

5631 4143 1151 152 Et ie puis mais adugni reuenir

5178 4553 103 154 g

4862 4665 256 205 5oa

7046 335 245 102 CSEIIN

7298 423 125 228 uu
