7766 5466
1036 563 984 156 D ont sera elle ⁊ de quele otree

1005 619 1073 169 Si ment dix mlt̃ iert boneouree

993 710 1099 128 Q nt̃ darragone iert roine elamee

996 777 1090 127 ⁊ dist clorens ꝑ lame de mõ pere

984 838 1235 150 ꝙ aint haut home ont mai fulle demãdee

993 933 1103 128 F oune sai hõme u mix fust mariee

988 1006 1053 128 D etens .i. oxis lauerai espouzee

957 1084 1175 123 J ou le predrai pꝰ lamour de sa mere

970 1161 1162 114 dist sorbarres quest ce q̃ tu dis leres

999 1254 1081 112 F oit dont ta fille estre a toi mariee

938 1316 1144 114 a ceste loi que dix nous a donnee

947 1402 1135 110 D edens infer sera tame dampnee

943 1480 1107 105 ⁊ dist florens mar iara pensee

952 1562 1162 100 s il est nus hom qui le mait delloee

947 1639 1144 105 l ues li arai lame bu cors seuree

947 1721 1058 105 s a fille mande ⁊ on la amenee

929 1803 1162 91 d ixome est fresce ⁊ bĩe encoloree

920 1876 1162 100 T out riaint vient deuãt le roi sõ ꝑe

934 1954 1057 113 ⁊ li rois la entre ses bras ꝯbree

938 2022 1053 123 bien la x. fois baisie ⁊ accollee

929 2104 1062 114 e t celle sest vers lui auolentee

925 2177 1176 114 m ais neset pas son cuer ne sa pesee

925 2250 1066 127 Q nt᷑ le sarai si en iert mlt iree

934 2323 1212 123 S oncier pere est si fort ucuer entree

929 2405 1099 127 T out le tresꝑce dessi en la coree

938 2482 1003 123 d u sens istra se nela espouzee

943 2564 998 137 d ic pcoi a li rois tele pensee

947 2641 1176 132 Dont tante dame iert encor esplouree

934 2742 1062 109 ⁊ tante t̾re ⁊ destruite ⁊ gnstee

929 2819 1140 118 T ante iouente en iert reshyretee

920 2901 1130 123 T ante pucelle orphenine clamee

929 2988 1067 118 l irois ara pour li saciere iree

947 3056 1012 123 T ant a ydam baisie ⁊ accollee

938 3142 1158 137 P assa li iours sa proisma le respree

947 3229 1158 105 l agent au roi est forment t̾mentee

938 3306 1026 128 T out pour ydain q̃ il a enamee

943 3375 1199 150 P nul Daus tous nen iert lueure ꝯter

947 3457 1195 123 D ist luns alautre ceste coze est prouee

925 3530 1112 141 s il le tenoit en sa cambre acelee

925 3616 1098 128 j a ne seroit de florent deportee

944 3698 1087 125 Q uil nel euir tantost despucelee

917 3783 1148 134 s elle sar it de son cuer la pensce

938 3856 340 109 a nchoie

1354 3883 735 101 roit outre lamer brtee

926 3941 337 88 Q̾ latert

1342 3956 717 110 hou est coye prouuee

935 4005 307 240 Cars

1326 3994 761 182 q est tant biet escolee

2296 535 948 107 E. Aitout sestoit avui seriit donnee

2420 595 784 106 i rois floiens De virns ne sarresta

2202 478 225 283 L

2429 640 939 140 añs fent mander sagent pluo ne targa

2278 706 898 150 b ries ⁊ escris apniõ les fecla

2278 756 1017 209 L es haus barons vflorens se fii

2278 838 907 182 M anie̾ ꝑ tout ⁊ la gantt icla

2283 888 1025 214 L agaite a dit marier se vaurra

2287 951 1099 242 C ascuns lentent gnͣt ioie endemene

2292 1024 1039 237 S auoir vorront qͥl lor dememdere

2296 1111 976 264 ⁊ loccoison pcoi semons les a

2315 1156 1121 256 E n arragõne tant de gent entre ei

2315 1234 1094 269 Q̾ li marcies ⁊ la ville empuepla

2319 1311 1108 306 C ascuns barons se vesti ⁊ parci

2301 1535 1235 200 Pius vont acoint uus ne si arrestu

2328 1630 1158 164 l i rois florens gnͣt ioie au cuer ens

2324 1712 1203 164 S ascuns haus hom mlt' bel le salua

2319 1799 1181 145 l es haus barons cascun accole a

2324 1885 1030 114 ⁊ lor adit conseillier se vorrci

2315 1958 1153 128 de fem̃e auoir car volente en a

2315 2031 1203 132 p luisour li dient que trop atendu a

2315 2108 1230 123 b er pren moullier dont honors tolẽra

2310 2186 1212 132 S i mait dix ta cours mix en voira

2319 2263 1080 119 C e fu danages qnͣt vo fẽme fina

2310 2345 1222 110 C ar sa pareille ne trouueres vous ia

2310 2414 1194 127 L i rois lentent tantost le cief crolla

2315 2496 1189 123 I l fait lauer a mengier lor douna

2306 2582 934 114 a gnt plente de viandes i a

2310 2655 1226 137 p uis sont leue qnͣt li mangiers fina

2306 2755 1216 105 e n son vergier son conseil assambla

2296 2842 1154 114 E t sorbarres pres de lui sacosta

2310 2906 1171 136 l i gaute guis qui bonte li fist ia

2306 2983 1239 132 F lorens. fons rois uist il entendes cha

2296 3070 1103 123 D e marier aues paile piece a

2296 3152 1176 132 Or esgardes v. li cuers vous train

2323 3252 1130 109 E t respondes ensi com vous plaira

2296 3316 1081 141 d etpa la mer si haute fẽme na

2292 3384 1230 141 s auoir le voels que on ne tamaint cha

2296 3480 1158 132 l i rois a dist que sa fille prendra

2287 3562 1149 136 a autre ce dist que li nesporisera

2311 3647 1099 115 Q ntͤ lont oi li vns lautre bouta

2283 3675 1331 178 L ierent lors meins cascũs dausse sinã

2278 3794 1254 246 S ire font il damledix vous engnet

2278 3889 1190 215 O nques nauint ne iamens nauenra

2269 3949 1185 227 O r nest il hom que sil vous escoutast

2260 4026 1117 251 N e vous tenit de tel core a musnt

4248 485 899 101 Sousuiegne vꝰ de diu q̃ nous forma

4243 546 802 100 Q le lpresme ⁊ le sdi nous dõna

4243 610 843 109 G ardons laloi que il nous ꝯmãda

4238 678 807 119 C is iert bõmẽ qui le trespissera

4220 742 765 118 I emariage anͣt il le ꝯmanda

4183 819 875 128 Tous crestiens shucris ꝯraanda

4179 883 857 119 C a sonꝑage ne se mariast pas

4151 961 885 150 u nele pues auoir dusq̃s en qͥtͣ

4138 1020 843 168 vantrement lougrenie serci

4124 1097 930 178 Floiens. loi gnͣt mautalent en a

4101 1166 1003 182 D ist a sa gent de chou ne ꝑles pas

4078 1243 1012 187 p unait dix autre que moi naura

4088 1311 1039 201 ea damoiselle quoec moi remanra

4136 1418 951 176 rois blorens. les afais esmaier

3937 1245 228 349 L

4156 1471 921 214 ꝑque mande ⁊ fait aparillier

4019 1621 953 241 Aentont si uoble conseilier

4010 1726 1007 218 s soilmrres le cõmence a coitier

4019 1817 1135 223 S on cors acesme la pucelle au vis fier

4060 1899 1048 182 D ebras a or qui mlt̃ estoient cier

4047 1990 847 146 a ladestrer iot maint chlr̃

4047 2045 1171 177 D es cambres ist sentre ũ palais pleniẽt

4047 2140 966 160 e nꝯtre li est li barnes drecies

4047 2222 1089 155 Desa biaute est cascuns formnes

4047 2309 1025 127 b n le vꝰ doi conter ⁊ anoncier

4042 2373 1185 150 p lus estoit blance q̃ nest negc en fev̾er

4047 2464 1112 146 D e sor le blanc ot coulour qͥ bĩe siet

4047 2550 1102 146 d melle estoit ꝯme roze en rorier

4047 2619 1239 141 J es iex plus vairs q̃ na faucõs muiers

4060 2719 1162 118 l es cauiax blõs q̃ cercelent arrier

4056 2787 1166 132 R i vaut fix dor de biaute .i denier

4056 2860 1166 137 a ins nus cristaus tãt fust apillies

4047 2947 1198 145 L e fu plus blãs bĩc̃ lore tesmõgnier

4065 3038 1043 123 O est li frons. ydain a laprocier̾

4069 3106 1167 128 L e nes trentich les sourcix entircies

4083 3197 1153 119 B ouce v̾melle ⁊ les dens bĩe forgies

4069 3284 1167 114 e col plus blane q̃ nest iuoires ciers

4078 3352 1222 142 Les mains gͣilletes les dois bñ adrecieᷤᷤ

4065 3425 1217 155 J ances bassetes ⁊ sot vautis les pies

4065 3516 1235 155 Tant est ses cors de tous bies adrecies

4060 3593 1226 333 V ouenẽte est tc .x. ans tous entiers

4097 3721 1057 264 N ot meimelete ꝯ apchoine riens

4110 3789 1167 260 se miers son pere est ses cors adrecies

4138 3880 1043 255 I irois laccole ⁊ lmsa volentiers

4165 3967 939 228 E ncoste lui sor .i. paile sassict

4165 4026 1048 279 Q ne lauoit de cor il veut platdier

5391 478 996 173 M abele faic dist fiorens or oies

5377 551 1135 164 S rphem̃ne estes serrde vous gnͣt pitiẽt

5391 619 1007 150 P uis qpie ꝑdi vo mere ne son riẽs

5403 707 938 118 M ais ꝑ vocors iere resleccies

5377 774 1103 141 M ix ressambles vr̃e mere en vis fier

5373 870 1107 104 Q riens qͥ fust onques desous le qiel

5373 938 1180 114 p son samblant ai jon vocors plus cier

5373 1011 1135 109 s i vous prendrai a per ⁊ a moullier

5364 1106 1162 96 C ele lentent si embroncha son cief

5373 1179 1153 123 Peres fait elle astu le sens cangiet

5373 1248 1262 118 P lus chou ne dites car troꝑ est gͣnͣs pecieᷤ

5373 1334 1057 109 a dont se veut la pucelle drecier

5364 1412 1171 118 f ille fait il de chou ne ples nient

5364 1503 1144 109 J a me feries tantost vif erragier

5359 1576 1167 118 T ont si baron sen st' a genoulliet

5364 1658 1112 113 ⁊ dient rois aies de vous pitiet

5373 1717 1258 123 c u vex ta fie ⁊ ton cors vergongnier

5377 1812 1140 128 F lorens a dit leceour pautõnier

5381 1894 1306 119 R est hom viuans q̃ men puist t̾ire arrier

5364 1963 1025 114 & ꝑ celui qͥ encrois fu drecies

5381 2040 1215 131 L ou le prendrai cui quen doie anoiier

5528 2113 1048 137 a fille au roi est forment esmarie

5514 2186 1098 141 Couce nuit pleure si sapelle caitine

5291 1936 239 423 Q

5409 2259 1135 141 Qͣ devenrai p coi fui aine nasquie

5409 2336 1167 141 S e li miens peres a omoi ꝯpaignie

5391 2427 1171 123 L ame de moi en iert p voir treue

5418 2505 1204 146 J ou men funrai chi narresterai mie

5418 2582 1112 137 E s vous le roi osa gnͣt ꝯpaignie

5427 2664 1163 137 M en sa cambre afait mener sa fille

5427 2746 1035 137 I l a poour que ne li soit rauiẽ

5423 2805 1276 169 L ebais fait faire v sa fille iert baignie

5427 2906 1076 154 S i quele estoit si fort espoerie:

5432 2992 1117 146 a tant es vous. desiier de pauiez

5427 3070 1099 145 E n la ville entre a gnͣt ceualerie

5441 3138 1176 173 E ncontre va. florens ⁊ sa maisnie

5418 3220 1172 155 E t la pucelle est fors dubaĩs salie

5437 3311 1175 164 Dras dõme vest de riens ne si detrie

5421 3391 1069 167 E n guize dõme sest bien apillie

5433 3470 1160 152 V ient a lestable au destrier est lancie

5427 3539 1163 177 p uis est montee que ne satarga miẽ

5432 3630 934 177 p nului nest veue ne coisie

5427 3694 1108 177 F ors darragõne en ua dix li aie

5446 3780 1171 173 F lorens reuint en sa cambre la qͥre

5455 3862 1053 164 bñ sapchiut que senostrit due

6453 3917 210 187 mie

5446 3949 902 179 ꝙ lt̃ fu dolans ie ne vous en
