8006 5587
1276 619 1006 172 L in es berart senfrere le metchin.

1269 735 956 103 C har lot apele coni ia porres oyr

1269 822 919 102 Qi char lot sire ce a dit a mauris

1263 893 1024 97 v ez ci ou vienet li doi eufant se vui

1260 971 1164 106 S e tu nes fais tous maintenaut morir

1251 1055 1036 93 Dout ne te pris vaillaut i. paresis

1263 1139 1034 96 V r̃e est la terre. ⁊ a vous doit veuir

1251 1222 887 97 S i le deues p̃merais enuair

1257 1297 956 90 ꝙ dist charlos ie ferai uo plaisir

1263 1359 1021 106 h ors du bruellet li traytres sen ist

1248 1433 1048 122 ꝙ de la route maintenant semparti

1248 1522 917 116 L escu au col lacie leliue burni

1248 1596 1113 108 T espee chauite dout li braus fu forbis

1248 1671 1085 126 L e cheual broce si sest au chenu̾̃ mis

1248 1745 1131 121 I aissons laler signeur dist amanris

1243 1825 1029 102 L i uiale honte li puist hui auenir

1244 1905 1189 103 D ameldix douist quil ne puist reuenir

1232 1989 987 90 Si ait la mort q̃ le puissous veuꝰ

1263 2060 1142 100 P rance iert sans hoir si teurai le pais

1210 2132 1141 116 A uis q̃ laus past aurai .k. mourdri

1229 2225 1148 106 E t charlos vint le pas trestout seri

1206 2286 1038 116 Prenuers les vit li abes de clugmi

1220 2365 778 121 .h. apele sila araison mis

1234 2444 1090 107 B iaus mes dist il euteudes cha a mi

1220 2523 1020 107 E n cel bosquet uoi la elines luisir

1224 2607 909 102 Ci eu voi .i. veuir mout aati

1224 2681 909 112 Lescu au col lacie leline burui

1215 2760 1202 112 L alance ou poĩg ⁊ chamit le brauc forbr

1238 2836 1090 115 B i autres doz mes dist li abes gentis

1206 2909 1145 140 P or lamor dui qui ouques ne menti

1201 2993 1188 117 S e vous aues aautrui riens mẽspris

1210 3063 1086 126 vers home nul qui de mere soit uis

1202 3165 1123 100 S ales auaut por vr̃e uage offrir̾

1201 3228 1034 108 A uiendes lui si li vient a plaisir

1204 3321 1021 96 m ie vous uir les sains de paradis

1210 3384 1058 121 pour q.d̾. renderai marc dor fiu

1192 3459 1057 116 Sire. dist .h. dix le uꝰ puist merir

1207 3557 1074 102 v ous dites hñ de dieu .uͨ. merchis

1204 3631 1068 112 M ais par celui qui onq̃s ne menti

1192 3692 1173 139 N ene sai hõme taut cõ dix soit seruis

1193 3789 888 112 S i mait dux de cur soie hars

1210 3873 1139 115 N e quanic tolisse vaillant.i. parisis

1201 3945 1133 124 M nõ pourqñt biau frere guerardin

1198 4038 950 96 E t car iva por dui de paradis

1182 4106 1086 126 Sauoir quil veut qui viẽt si aatis

1198 4205 968 121 Frere dist il tout a ur̃e plaisir

2471 645 925 103 l e chenal broce si est v̾o lin gnenchis

2467 701 932 109 E nu̾s charlot en uatous assouplis

2477 775 869 112 M out belement a escrier le prist

2468 828 875 149 Q rans chlr̃s ce a dit Serardins

2483 906 906 149 S i mait dix bñ puissies uͦ veuir

2482 949 950 196 E stes vous gaite gardes vͦ lepeio

2483 1036 1021 190 Se riens deuons par du de pliradis

2508 1117 999 180 Vous laueres rolentiers nosieuuis

2487 1177 1099 205 D ont estes xous dist charlos aufier uis

2489 1312 699 146 M dist .G. iale porres oir

2477 1331 1002 242 Ie sui tout droit de bordele la chit

2491 1410 1027 224 Et si fui fix le uaillant duc leve

2505 1467 1085 240 V ez la mon frere qui aĩsnes est de mi

2505 1558 1040 239 Chlres est mlt' preus. ⁊ iout hardis

2511 1676 860 161 Si en alous ale cort a paris

2501 1731 875 210 Lerorlx visiter. ⁊ seruir

2491 1857 1099 217 S enaio mono n coine megr

2514 1992 962 115 A hõme nul qui de mere soit uis

2508 2064 978 108 D roit enferons a le cort a paris

2505 2141 1136 131 Com Jugeront li prince ⁊ li marchie

2492 2231 1155 109 E t dist charlos por noiant laues dit

2502 2312 1154 115 El ne queroie par le cors saint deuis

2495 2389 1047 94 Que vr̃e cors dix en soit beueis

2487 2458 1029 112 A sses deues si me soit dix amis

2498 2538 1174 128 Car ur̃e peres trois castiaus me toli

2492 2625 1081 109 O nques ueu por de lui nului veir

2489 2694 1068 118 G eẽ. leutent tous li sauo li bouli

2486 2790 1186 93 Q u uoit charlot. mout belemient li dist

2508 2849 1046 109 H e: gentils honi panor dui n̾ichi

2495 2951 1003 87 Su ies armes.⁊ ie sui des gar mo

2489 3013 1183 118 T as bou hauberc . ⁊ chaint le bñc forbi

2492 3103 975 94 ꝙ ie sui nus cl bliaut de samun

2491 3165 1002 122 Si nai espee ue uai espiel burni

2492 3262 1248 102 D ont ie me puisse vers ton cors garãdir

2495 3339 1146 103 h e: gentilz homs caueras tu cõquis

2489 3423 1105 93 Q ñt uous mares detrenciet. et ocis

2492 3491 1087 103 P our lanor dui aies de moi merci

2486 3569 1195 109 E ucor uous dis ie loialm̃t sans meutir

2483 3640 1189 118 V ez la mon frere qui amsnes est de mi

2480 3737 909 99 Ꝙ va acort au roi de s'. deris

2474 3789 1195 137 Q ui nous manda certes par ses escris

2483 3886 1102 136 S e nous auons ne tolu ne mesprio

2487 3962 1108 251 Droit enferons cõ diront li marchiõ

2468 4041 1099 247 ꝙ dist charlos par le cors saint demis

2463 4129 1030 224 Qient neu ferai foi q̃ doi mes anus

2463 4222 969 210 Car par celui qui dix est posteis

4648 535 217 117 Nemereei

4843 544 638 135 semitant q ue tu sores vio

4629 631 168 99 Ilit

4801 660 755 84 us couuient de male mort morir

4606 693 139 107 6a

4745 716 806 126 eteo tous bs̃ car ie mous uois ferir

4592 754 60 98 6

4685 768 801 158 eurs lentent tous li sans li frenu

4569 822 838 169 Our dist lenseo certes ce poise mi

4564 889 736 191 Ienfes .G. a le cheual guenchi

4522 949 982 228 C ar rolentiers vers huon reuenist

4508 1024 852 237 M ais tant le coite li cuiu̾s maleis

4494 1080 987 265 Q ue ne sen puet li quẽs .G.guenchir

4447 1140 843 256 Nesine pot uers huon reuenir

4424 1201 1067 307 Et charlos hurte lebon cheual de pris

4396 1261 908 321 S nnero bꝰ. sen vient tous aatis

4382 1485 1048 316 silefiert eo bra drãs de bianue sio

4371 1648 998 209 Que il li perche le peinie de lermin

4393 1718 860 204 Mpius apres le chemise de liñ

4381 1783 1057 209 Par mile cors le roit espiel li mist

4419 1862 997 195 p ar dautre part .i. gnͣt pie resorti

4424 1950 922 177 P ar le roibus lespiel li cõduisi

4415 2011 940 191 Nelocit mie car dix nel cõsenti

4429 2101 820 152 ꝙ nõporañt la il si mal bailli

4414 2182 860 145 Q uedu cheual a terre labati

4405 2244 1081 186 Lentes se pasme qñt languisse senti

4411 2358 1083 125 M ñt le voit labes qui estoit de dlugm

4391 2421 1113 158 S achies de voir mout ot le cuer mari

4391 2486 1188 167 Ou voit huon tout emplourant li dist

4408 2582 1130 127 Mors est tes freres dist li abes gentis

4401 2658 913 135 S iredist h. certes ce poise un

4405 2742 1067 130 h es las dolans con lait encõtre a ci

4396 2816 1029 140 Qi douce mere soues le nour resis

4405 2900 969 154 B ñ sai de voir le cuer ares parti

4405 2979 983 121 S auite uiarie q̃ porrai deuenir

4410 3072 1043 126 Consillies moisil vꝰ uieut a plaisir

4419 3161 913 107 Puis sescria bueluis ligentis

4410 3231 1025 111 Maideres vous o vous abes heuris

4401 3310 1010 112 Porlamor dui mõ droit aretenir

4396 3384 1118 121 C ar par celui qui ouques ne menti

4401 3445 1001 144 Girai sanoir ꝯfais honis la ocis

4401 3519 880 177 C elochirrai ou il ocirra mi

4419 3561 1221 349 piauo in co dist labcõ pornoiẽt lãnes dit

4461 3701 1034 298 S ouffres vous ent pͦ dui qͥ ne mẽti

4485 3808 946 265 bues respont maluais ꝯseil a ci

4503 3901 745 228 C est ce q̃ dites alons i aati

4524 3962 892 227 L ous ne pous li albes respondi

4559 4041 899 214 Loud somes p̾stre si somes benei

4587 4129 931 219 I epons estre ou preudõs soit ocis

5628 561 1089 121 hedix dist hueo com mal parent a chi

5628 642 875 106 m aideres vous mi chlr̃ gentil

5618 704 1077 127 q cil respondent oyl dusquau morir

5615 775 1118 143 S igneur dist . h. dix le vꝰ puist merir

5609 887 965 106 .h. sentorne courechous ⁊ maris

5621 959 903 139 Il et si home sont de labe parti

5600 1033 1058 140 Qnͣt le voit labes li cuers li ateuri

5597 1104 1300 159 T eurement pleure des biaus iex de son vis

5600 1213 847 121 m prie dieu le roi de paradis

5607 1271 838 149 H uon garisse q̃ il in soit ocis

5602 1350 1067 163 Il ⁊ si home se sont au chemu mus

5609 1449 996 121 s cheuauchent belement. ⁊ seri

5607 1494 1104 172 Pour regarder les ruistes cops ferir

5618 1589 1099 149 C ar sauoir veulent sil escaperont vif

5615 1672 1053 128 Et hues broce le bon cheual de pris

5624 1753 1050 127 V int a son frere qui gisoit el larris

5618 1828 922 142 Qũt il le uoit si la aiison mis

5626 1904 903 139 F rere dist il por dui de paradis

5643 1992 916 115 m car me di se tu porras garir

5630 2053 908 163 Ie ne sai hue li enfes respondi

5630 2137 964 144 Si mait dix ie sui pres de morir

5626 2216 1085 135 p enses de vous car il est mẽs de mi

5644 2304 1002 149 f uies vous ent por dui de paradis

5649 2374 1076 140 C ar en cel bos vi maint elme luisir

5649 2455 1211 149 Q uͣt.b. lot mout grans pities lemprist

5668 2532 973 140 F rere dist il por noient laues dit

5668 2579 1145 186 I adieu ne place qui en la crois fumis

5674 2697 935 133 S e tu demeures q̃ ie escape uis

5659 2750 1052 164 Ne que mais roie debourdele la cit̾

5662 2849 965 149 S i sauerai cõ fais homs raocis

5649 2919 964 158 Ielochirrai ou il ochirra mi.

5658 3007 1043 154 A dout brocha le bon cheual de pris

5668 3072 1122 177 O nq̃s ses homes tant ne qũt uatendi

5659 3178 1061 143 a pres charlot a raudõner se prist

5659 3252 1077 143 Q ui sen aloit uers le bruellet foilli

5668 3339 953 137 Q ñt il perchut que hues le sux

5683 3404 1031 149 Dont cheuaucha belement. ⁊ seri

5674 3485 1080 149 Mout les regarde li cuiu̾s amauris

5680 3553 1106 156 E z vous huon qui sescrie ahaus cris

5699 3650 1031 142 v assal dist il tu mes pas mes auns

5696 3743 962 136 d i moi ton non ⁊ de cõfait pais

5699 3827 910 124 q dist charlos ia le porras oir

5718 3882 1158 156 Droit dalemaigne fix sui au duc tierri

5702 3985 857 143 h. cuida que il voir li desist

5702 4044 1239 180 Car de ses armes not pas soncors garm

5019 4540 78 128 al

4923 4599 124 143 Li

5057 4655 89 191 S

7133 359 140 102 301
