8006 5421
1382 609 1030 145 Ao bouchiers vient. Se li barbes

1373 722 886 109 S oute la char q̃ il yatrouue

1378 795 840 122 os le poisson. le fres. ⁊ le sale

1368 889 1013 109 T restont a fait porter a son ostel

1364 962 1066 108 .Q ñt li mengiers fu pres ⁊ coraes

1382 1039 1175 121 L es napes metent sassieent au disner

1378 1124 1156 113 T es poures gens sassizent de tous leis

1373 1201 926 122 H. les sert volentiers. ⁊ degrez

1352 1278 884 106 I l. ⁊ li hostes et se libers

1348 1359 888 104 .. auoit le bou hanap dore

1355 1413 1089 136 On in sauoit tant metre ne oster

1355 1499 1161 136 p ar mi la table. ne la gent abuurer

1346 1585 1044 131 O ue li hanas ne fust ades cõbles

1358 1674 1196 108 M ont sesm̾uellent cil qui lont esgarde

1364 1748 998 131 Li se nescaus a oeudou le cruel'

1359 1816 1171 135 V unt el marchie pour viande acater

1355 1910 1175 127 Mais mi a riens cesachies vous trouue

1359 1992 1003 113 D ont on peust son signor soeler

1355 2059 1053 118 m out fu dolans li payens deffaes

1346 2145 1062 122 C els en apele qui uendent le uenel

1355 2240 1075 122 Quest ce dist il ont chi dyab le este

1346 2308 971 113 Q ui le marcie ont ensi defrobe

1355 2380 1066 122 ꝙ cil ont dit. dirons vous verite

1368 2471 1053 113 .. viellars homs qui le poil ot m̾le

1364 2552 1021 108 A ensem̃t le marchiet descombre

1373 2615 1125 127 Q ñt cil leutent pres na le sens derue

1368 2710 1022 108 Q uel part est il dist li cuiu̾s ales

1378 2791 1012 113 q cil respont en le maison hondre

1373 2868 1003 131 Il sentour ua courechous ⁊ ires

1387 2958 1143 113 E ns el palais est mauitenant entres

1378 3026 826 122 M voit le duc silen a apele

1368 3117 1003 108 S ire fait il mal estes eng anes

1378 3175 1084 154 N esai q̃l gent ont le marchie robe

1373 3266 1071 122 S si lont tout de le char descombre

1368 3347 1139 135 Que ie neu ai ne tant. ne qũt troue

1373 3442 1134 117 es si sont droit en le maison hondre

1373 3519 1134 122 p ar foi dist oedes il sont malostele

1378 3595 1088 136 J e les ferai manitenant revider

1378 3677 1007 140 a vois escrie ales vous adouber

1387 3754 1039 117 q mou haub̾c me faites aporter

1385 3857 979 109 E t il si fisent ne losent de ueer

1388 3933 922 102 m il le pͥut en son dos la gete

1368 3979 1162 140 Puis chanit lespee au senestre coste

1397 4095 970 100 w li barou furent tout ap̾ste

2403 4165 265 144 endosse

1397 4174 877 144 Q ia chelui nait bauberc

2659 602 807 132 O r vous lairai ichi dutraitel

2647 632 899 194 S i vous dirons de huon le m̃bre

2647 700 917 189 L a poure gent seruoit a lor sorre

2656 781 890 212 Cl ⁊ li ostes. et gerialmes liver

2786 837 855 214 edo ns lostel daut hondre le guert

2615 971 182 180 D

2769 908 863 225 Fu huelis cele niut herbregies

2683 989 954 239 Le poure gent seruoit alor mens

2679 1061 976 244 A sses auoient. ⁊ clare ⁊ vii vies

2697 1138 935 239 Car li hanas huou ole vis fier

2692 1146 1137 308 R ent si fait boire cõ il veut souhaidier

2693 1252 1025 262 t ent s̃ preudõs lauere abaillier

2692 1486 1121 176 Eu le maison mengoit .i. nouelliers

2701 1585 1116 149 S uu̾s quil pot. est leues sor ses pies

2692 1662 1148 131 h ors del hostel est manitenant lancies

2697 1739 1125 131 I l sen vnnt droit eus el palais plenier

2692 1825 1094 113 O edon troua qui estoit haubregies

2688 1892 1007 118 m li traytres ꝯmencha ahuch̾

2692 1983 1003 99 Sire fait il faites pais si moyes

2701 2059 1134 104 E n le maison hondre mengue .i. chłrs

2688 2141 1143 99 M out a grant gent aueuc lui ce sacies

2697 2213 1111 131 J. hanap a qui mout fait aprisier

2698 2290 1115 131 E usenient sourt li vins a souhaidier

2710 2370 1235 120 C ome .i. sourions qui venroit dũ grauier

2704 2457 1160 123 N e taut ne pueent ne boire ne succier

2697 2529 1120 131 Que il le puissent noster ne essillier

2697 2588 1274 158 Par foidist. Oeudes u̾ueilles toi nouchier

2697 2683 1174 131 S i fais hauas miaroit mlt̾ gnͣt mest̾

2697 2760 1003 140 Par mah̾uiz a cui ie veul prier

2701 2836 999 131 J e lirai tost. ⁊ errant assegier

2706 2909 1179 149 I l nen meuront palefroi. ne destrier

2706 2963 1256 181 a dont satornent dix lordonst encobrier

2715 3091 986 125 A reuc lui vont bñ xxx ch÷

2719 3135 1162 158 d usqua lostel hondre nest atargies

2719 3216 1162 181 l a porte trucuent. ⁊ le pout abaissiet

2719 3288 1247 181 L i fñs prouuos les perchut toz p̾mers

2733 3397 994 158 D ist a hũs mal aues esploitiet

2719 3510 1152 198 Vez cile duc ou vient mout corecies

2728 3600 1067 163 V ous seres ia occis. ⁊ detrenchies

2728 3677 1153 180 Vous. ⁊ vr̃e home se diex nen a pitie

2728 3758 1049 158 D ist huelms or ne vous esmayes

2742 3835 1134 181 O r me laissies par deuant lui plaidier

2724 3912 1129 171 d roit alencontre vint .ħ. au vis fier

2733 3993 958 145 a haute vois li ꝯmence a hucb̾'.

2746 4083 994 163 Sire dist .ħ. ennõ dui bñ uignies

2724 4181 1237 219 P assal dist oeudes plus pres nemaprochies

4694 555 768 100 Crestieus estes. et re su.i. paieus

4689 618 710 91 ꝙ par mah car ie doi doproier

4671 670 913 116 Vous nẽ menres palefrois ne destries

4640 758 844 100 A uis vous ferai la teste reoignier

4635 822 886 113 Vors ⁊ rĩe home series tout essillie

4626 894 858 122 S ue diss ħ ceseroit grans pechies

4621 971 877 131 S imayt dix mout gnͣt tort eu aries

4631 1039 700 135 Sre dist h. ayes uo cuer se ne

4540 1033 133 209 Q

4635 1115 849 145 Porlamor diu ⁊ q̃ nous demaudes

4536 1179 1007 162 V assal dist oeudes aparmaĩ le sares

4522 1246 908 181 P or seul itant q̃ vous en dui crees

4509 1301 844 198 Vous seraia li vr̃e chies colpes

4490 1364 1088 219 C beual courant ne destrier nẽ mẽres

4468 1413 858 253 Mas or me di desor ta loiaute

4414 1603 1016 271 p ortuoi as tu tant de gent abne

4441 1703 989 239 S ire dist .ħ. certes vous le sares

4440 1816 1121 189 Ne ven vois droit outre la rouge mer

4459 1879 1048 190 C es poures gens q̃ vous ci droit rees

4468 1956 953 185 P or lauor dui lor doms ie asouꝑ.

4457 2028 987 172 Que il men laist arriere retorner

4468 2105 1075 171 ⁊ respont. Peudes mal esploitiet aues

4459 2186 1030 163 Car iamais iour nul autre ne v̾res

4431 2254 1086 189 A is vous ferai toz les m̃bres colper

4436 2344 999 167 S ire dist ħ. laissies vo sarmõner

4459 2425 1048 154 D escendes tost aueuc nous mẽgeres

4459 2507 917 140 ꝙͥ sifachies vr̃e gñt desaruer

4454 2588 1048 140 Par tel couuent q̃ vous dire morres

4441 2642 1147 149 Vous. ⁊ vr̃e hõme ales vos mains lau̾

4450 2737 1071 145 I e vous dourai auengier aplente

4454 2823 945 126 d̾ plui. ⁊ char. ⁊ vies vni ⁊ clare

4454 2877 1143 154 Q pres mengier faites vo droit cõter

4463 2972 1012 122 Q ni tort aura si le fache auiend̾

4445 3053 976 131 A mor mal faire petit a menderes

4450 3139 885 149 M oi est auis se faisies loiaute

4427 3239 976 271 uici. petit me deuries de porter

4448 3293 1014 290 C ar on mc dist tu fus crestiẽnes

4468 3392 989 257 a respont Oedes tu as dit verite

4486 3469 1107 235 D ist ases homes ales vous desarmer

4504 3541 1111 235 A lons mengier puis q̃ lauous troue

4513 3641 944 216 A usi nauous q̃ mengier alostel

4531 3726 958 186 & alons dit vous aues bñ parle

4549 3803 940 194 I suelement ont les haub̾s ostes

4567 3856 1086 209 A s graus bachins coerent lor maĩs lau̾

4558 3952 1044 199 a lagunt table sassient de tous leis

4576 4079 565 244 p laaifili uers

5642 480 1094 158 co uerano homs Iinmons fist. aloer

5602 564 1211 140 S assist aueuc poux iana tous houorer̾

5634 646 975 135 B ũ sont seruide ce nestuet parler

5615 727 994 122 & leufes. ħ' sen est eni pies leues

5597 804 1012 135 L e bon mantel descarlate a oste

5602 880 1125 140 d e vaut oeudon est maniteuant ales

5593 971 976 126 p rist le hauap de fin or esuiere

5602 1057 967 131 Sire dist ħ por dui or esgardes

5588 1124 1030 131 Cil hanas est tous vois bũ le vees

5579 1192 1085 149 Vous dites voir dist. Oedes li derues

5570 1296 913 108 .. fait crois dedui de mayste

5593 1368 867 140 I suelem̃t fulihanas cõbles

5606 1445 854 118 h uelmis la son oncle presente

5602 1523 1048 133 L ues qui le tint li vins en est ales

5593 1599 1251 122 V assaus dist oedes vous maues encante

5584 1680 1197 131 N on ai dit ħ'. auis fait vo maluaistes

5584 1757 1071 131 N etes le uis car vous mbuueres

5593 1843 1232 126 Q ue de male heure fussies voꝰ onq̃s ueis

5593 1910 1138 131 v assal dist eeudes belem̃t maparles

5602 1987 1066 145 Minent osastes issi fait mot soner

5602 2073 1066 136 ã sestes ci tous seus en ma chite

5606 2150 1157 135 Mout estes fols par mabomet mõ de

5611 2231 994 136 J e vous porroie occire ⁊ decoper

5611 2299 1138 140 Ne trouueries qui vous osast tenser

5606 2385 1143 135 M ais or me dites gardes ne me cheles

5620 2462 1071 140 De quel t̾re estes. ⁊ de cõfait regne

5611 2538 1080 131 Mrespont .ħ' ia mout tost le sareo

5620 2624 1071 122 Q e daigneroie q̃ il tous fust cele

5643 2687 1328 154 Droit abour diaus certes fu mes cors neis

5620 2778 1075 140 Q ui fu tes peres.⁊ qui tot engeure

5624 2859 1071 127 P ar foidist .ħ. ia ne uous iert cele

5634 2940 984 140 Se vins ot non dix li fache pite

5624 3017 1112 140 Car il est mors. bñ a vii. ans passe

5624 3094 1026 149 O edes lentent si ꝯmence a crier

5634 3175 1161 158 L i fix meu frere tu soies bñ trouues

5638 3261 1075 131 m q̃ q̃roies ailleurs quẽ mõ hostel

5638 3342 1017 136 Or me di mes la outudois aler

5643 3419 1079 131 Dist huelins ia mout tost le sares

5652 3487 1188 167 J e men vois droit outre larouge mer

5656 3568 1098 177 A u roi baudisse .℥. message conter

5656 3672 859 149 S e mi enuoie.klni. li ber

5665 3740 962 149 P or ce q̃ iai charlot sen fil tue

5665 3830 981 149 S i matolue trestoute myrete

5679 3866 1111 190 E ntel mamere si me puist dix sauu̾

5671 3975 1229 193 Que iamais iour m porrai retour ner

7144 255 253 151 CCSI

7246 367 187 147 3 2 0
