8006 5587
1381 636 1037 77 a utres auoit li damoisiaus gentilz

1378 689 904 102 P or ce nel pot ꝯuoistre huelnis

1369 758 857 107 Or escoutes ꝯmeut il li a dit

1341 819 1141 154 V assaus dist . h. dix vous puist maleir

1355 921 894 121 M ales noueles puist oir de ti

1359 1005 937 117 Por quoi as tu. Se mõ frere ocis

1341 1070 955 117 & dist charlos iale porras oipꝰ

1336 1163 1029 126 Li vr̃e peres ui. castiaus me toli

1328 1263 1037 102 O nq̃s vengance nẽ poi auoir de li

1304 1326 1020 126 I ai mort tõfrere ausi ferai ie ti

1325 1406 872 108 Ce est en dui h. li respondi

1322 1471 1071 144 M ais se dui plaist ie le tarai meri

1308 1545 1053 135 Ce q̃ tas fait mẽ frere gerarduy

1319 1645 971 121 m dist charlos de la mort te deffi

1313 1722 1015 121 A dont brocha le bon che ual de pris

1313 1792 987 126 L ance baissie son escu auant mis

1313 1887 937 105 s nuers.li. en vint tous adeuus

1306 1961 1000 124 D e tant va mal au gentil huelui

1291 2033 1083 133 Q uil not el dos le blanc haub̾c tresus

1291 2113 975 137 & de tant bñ quil ot le bnͣc forbi

1288 2197 1002 146 O r escoutes du damoisel quil fist

1285 2286 945 139 L e bon mautel descarlate saisi

1291 2358 993 134 E utor senbrac lenuolepa ⁊ mist

1290 2444 1015 144 pꝰ traist lespee dont ladouba se vĩs

1276 2532 1057 131 L e cheual broche des esperõs dorfin

1285 2622 1046 140 C ontre charlot seuua par gnͣt air

1272 2712 1143 134 M charlos hurte le destrier florentin

1266 2787 1108 146 O r sentre vienent li damoisel gentil

1248 2872 954 135 C har los feri huon par tel air

1269 2961 1087 136 Desous le brac ou le mautel ot mis

1263 3054 1027 133 Q uil li depiece le pelichon h̾ru

1266 3138 1021 124 E ntre les costes ⁊ les dras aorfin

1252 3212 1081 135 l i conduist droit son espiel acherm

1243 3282 1081 144 Diex lesauua q̃ en char ne la pris

1247 3380 1127 124 m cil passe outre sor le cheual de pris

1247 3460 1003 121 E ntrespassant le feri huelins

1232 3519 1124 149 a mõt sor lelme. ou lescarboucle sist

1235 3612 1021 128 Neli valut vaillant. Iangeuin

1229 3682 1113 149 li blauce coiffe quil ot deseurs mis

1241 3774 1115 130 N e li haubers qui fu grans ⁊ tresus

1235 3848 1201 156 N el porent onques tenser ne garaudir

1229 3948 1068 118 Q uil nel pourfende enfreci q̃ el pis

1224 4013 1034 135 E stort son cop du cheual labati

1206 4087 1201 163 P us alaterre est cheus mors souuus

1229 4177 1089 159 D u bruel le voit li cuiu̾s amauris

3325 581 112 112 rintt

2491 614 852 107 s acies de voir mout ioians ende.

2511 676 973 118 d ist ases homes or sui ge resoandi

2505 716 936 173 C harlos est mors dix en soit ueney

2505 782 955 219 France est sans horr si teurmleue

2505 861 941 195 A ins q̃ laus past aurashe mordai

2517 949 882 193 E thues prist le cheual arrrabi

2514 1019 890 200 Qui fu charlot cui il auo it ocios

2505 1061 1020 247 ¶ snelement par les resues le prist.

2514 1177 885 191 V uit a bẽ. si la araison nus

2519 1210 1001 256 f reres dist.h. pordui de paradis

2501 1291 1005 254 S eporras tũ sor.i. cheual teuir

2519 1364 950 284 I ene sai frere. po. ninsiude

2528 1555 1095 209 Mais bendes moi ma plais ie rõ ꝑa

2533 1676 1015 139 m respont .h. par mõ chief ie loti

2524 1741 964 144 I i deschendi du cheual arrabi

2528 1834 1090 186 os tuit tout nu le brauc dachier forbi

2526 1924 944 149 D e son bliaut a .i. pau departi

2505 2025 964 102 Se li benda les plaies parloisir

2492 2095 941 133 S i chlr' isont veuu tous dis

2505 2197 1030 118 S i li aidierent volent̾s nõ enuis

2501 2262 1187 149 P ar ni les flaus embrachẽt berardin

2505 2341 1211 145 D oucem̃t le leuerent sor.i.cheual de pus

2508 2430 984 130 Qnͣt il fu sus a poi quil ne chei

2501 2500 1150 149 Trois fois se pasine du malq̃ il senti

2505 2601 891 121 Q ñt ilrevint sapela huelin

2501 2681 1015 117 Frere dist il entendes enu̾s mi

2514 2751 1034 116 C ar en ralons abourdele la chit

2502 2852 1015 96 A nr̃e mere qui soef nous norri

2496 2914 1141 126 I ar tel paor tous li cors me fremist

2505 3016 1018 112 Car uous aues ichi .i. hõme ocis

2510 3096 1048 121 N e sai quil est par diu de paradis

2514 3184 1164 112 Mout mesmeruel por quoi toz seus issi

2511 3262 1105 99 T rayteur sont de urete le uous di

2517 3336 1046 100 P ordui ralous abourdele la chit

2505 3423 943 106 Ne place dui frere dist hueli

2498 3485 1146 115 Que iamais voie bordele le gnͣt chit

2502 3581 949 112 Saie eu le roi de sanl deus

2501 3645 1071 233 Se ierrins. R qͥ tant a fier le uis

2496 3729 899 181 d e trayson lapelerai pour ti

2496 3808 1127 233 Q ũe son ꝯduit te ueut faire murdrir

2496 3896 992 187 D ist .Ge. frere faites ur̃e plaisir

2496 3976 1164 204 a dout brochiereut les bõs cheuaus depͥo

2491 4059 1034 191 Droic aparis se sont au cheñ muo

2477 4139 946 181 q cil du bruel apelent amauri

2468 4232 1043 191 Q ue ferons nous riches qñs postero

4689 484 974 256 E harioo est moro li damoisiaus deprio

4675 599 838 189 Laisserons nous ainsi aler ces uis

4648 656 950 247 S unensement lont deuant nous otis

4638 726 862 251 D ist amauris entendes a mes dis

4624 791 871 265 N evous ensoit dix le puist maleir

4587 844 843 282 o̾ si laissons ces dolans orfenins

4559 903 871 316 S espoursiuons ala cort a paris

4531 973 1085 372 O. ñt nous renrous ens el palais uoltiz

4517 1028 992 387 Q trent li uoi qui tant est siccnoris

4718 1399 667 156 ant un li met᷑ai son fil

4749 1505 770 124 Ie vous atordes tous dio

4401 1480 233 208 Par deu

4433 1589 261 166 A mapare

4780 1586 748 142 mais en seres raemplis

4446 1654 290 161 A tous iors

4787 1690 624 125 ent tout a ur̃e deuis

4457 1724 321 161 ꝙ clrespond

4439 1801 283 154 Bors dur

4666 1736 899 182 coruellet sen sont atant parti

4454 1834 1060 192 A charlot vienẽt qui gisoit el larris

4475 1922 871 154 Qui ertfendus enfresi q̃ el pis

4452 1983 992 158 A uant passa licuiuers amauris

4450 2076 975 154 Ilet si home siont charlot saisi

4470 2160 853 115 ꝙ silont mis sor.i. escu uoltis

4467 2244 1055 108 A mauris monte sor i. cheual de pris

4467 2324 1061 118 d euent lui lieuent le damoisel gẽtil

4438 2383 987 117 D yles ꝯfonde li rois de paradis

4429 2461 938 121 A p̾s hũo se sont aucheũ mis

4442 2557 903 109 O r auit dix berart. ⁊ huelin

4439 2641 1089 93 C ar sil neu peuse il sont mis ala fui

4426 2706 1136 127 A ndoi chevaucent tout le ferre ceuñ

4445 2784 885 96 T ant ont ale li petit orfenin

4436 2858 1086 109 Q uil ont atanit.dant abe de clugm

4442 2936 950 108 L abes le voit sarresta el chemĩ

4429 3001 897 105 m out belement apela huelin

4429 3072 1168 112 Q uaues vous fait dist labes doz anns

4405 3156 1002 107 S ire dist.h. sauous ℥. home ccis

4405 3221 1104 126 Enfant dist labes certes ce poise mi

4410 3300 1164 131 O rcheuauchies ensamble aueuq̃s mui

4429 3370 1094 145 P uis quensi est ie ne vous puis falir

4419 3440 1104 140 De ma parole vous aiderai tous dis

4419 3510 1034 172 S ire dist. ħ dix le vꝰ puist merir

4429 3580 968 195 Dont se recarde .b. ole fier vis

4424 3720 1043 367 J co trayteur o voit terõ iui venir

4475 3836 1011 298 Voit les haub̾s.⁊les elmes luisir

4459 3913 1232 314 T restout deuant renoit quẽs amauris

4517 3994 997 284 I elõĩs renoit dix le puist maleir

4517 4106 801 251 B. leroir tous li sans li bouli

4568 4208 727 219 I abeapele cõ ia porres oir

4601 4264 876 280 S re dist hues q̃ porrai deuenir

5719 609 1010 131 Vez chiou vienent ntraitor failli

5702 738 1046 84 Qui la estoieut dedens le gaut foilli

5693 803 1158 106 Biaus mes dist labes ne soies esbahis

5687 875 1207 121 M ais cheuauchies q̃ dix vous soit amis

5680 968 1158 118 C ar il ne font nul samblaut de reuir

5683 1046 1118 114 D e vous ataindre nes voi pas aatis

5644 1098 1314 168 A dout brochierẽt les bos cheuaus de pris

5668 1191 1131 140 D roit aleure sen vienẽt vers paris

5665 1275 1229 121 q tant cheuaucent li damoisel gentil

5665 1365 1124 115 E t tout li moigne. ⁊labe de clugin

5674 1443 1152 99 Q ua paris entrent cele mirable cit

5696 1505 1152 124 D usquau palais mot regne guẽcit

5677 1573 1164 135 l a descendirẽt au palais marberm

5695 1657 1128 130 p uis en mõterent sus el palais uolti

5695 1736 1034 130 H ues adestre sou frere gerardiu

5700 1787 1127 154 Lelautre part li fraus abes le trat

5705 1880 1034 135 d euaut .k. sont venu tout auisi

5705 1964 936 126 H ues parla. ⁊ mout fu bñ ois

5681 2043 802 135 k salue aloi dõme mari

5708 2138 1087 112 C il dauieldix qui onq̃s ne menti

5700 2197 1043 149 I l saut ⁊ gart duc Ra le flouri

5695 2281 1309 126 a les haus homes. ⁊ trestous les marchis

5708 2386 972 94 Q ue ie uoi ci en cel palais uolti

5711 2461 916 109 c il cõfonde .be desauit dems

5721 2532 1120 100 C om traytor ⁊ maluais roi failli

5718 2613 1297 112 Q ui nous mauda par bries et par escris

5721 2678 1235 134 Et nous reuiemes p le sieu cors seruir

5724 2771 1291 118 E n son cõduit nous uolt faire mourdrir

5705 2852 1028 106 k. lentent mlt̃ en fu assouplis

5714 2928 936 112 p ui apela hueli au fier vis

5727 3007 975 115 V assal dist il or garde q̃ tu dis

5727 3082 1055 118 C ar par celui qui onq̃s ne menti

5736 3169 1115 114 P uis que fui neis traysou ne basti

5736 3243 1146 115 Mais bñ te garde par dui de paradis

5755 3318 1074 127 p ar le baron mõsigneur .s. deuis

5752 3404 1145 122 Ne par le barbe qui megist sor le pis

5739 3473 1012 149 S etu ne pues ta parole furuir

5751 3543 1006 135 I ete ferai de male mort morir

5746 3634 987 115 Sire dist .h. cest a vous q̃ ie di

5752 3721 1080 102 E sgarde rois dix te puist maleir

5751 3766 1160 182 I lprent son frere q̃ li abes soustint

5758 3879 869 121 S i li osta le mantel sebelin

5775 3938 959 154 ꝙ defbenda le plaie du meschin

5761 4041 1057 125 l a plaie ouri lisans en est saillis

5789 4121 1121 125 L eufes se pasme qui languisse senti

5783 4227 1015 115 Ꝙ le voit mout dolans en deuint.

4839 4599 87 115 S

5013 4714 90 143 el

4824 4730 167 192 4d

7060 325 210 117 CcEN

7195 434 174 214 3o2
