8006 5587
1425 703 1117 111 N e batrai tant saint pierre qui igist

1434 782 1127 99 Q ue de sa fiertre ferai tout lor saillir

1443 861 1016 112 Sire dist hues tout a vr̃e plaisir

1439 931 1155 125 V ez ohi men gage. ⁊ ie le vous pleuis

1424 1036 1177 87 Q ue cest menchoigne q̃ cil lerres a dit

1434 1094 927 107 s i li ferai par le gueule iehir

1421 1188 941 87 Que ie ne soi quel home ie ocis

1443 1260 959 118 Ne ne sauoie que ce fust vr̃e filz

1420 1322 1062 111 I uires ostages dist .k au fier uis

1425 1406 992 102 sire dist hues tout a vr̃e plaisir

1425 1480 1038 107 C ertes rez la men frere gerard m.

1420 1559 1039 103 q ar plus ostages en celpalais volti

1421 1638 932 90 C ar ie ni voi ne parent ne ami

1425 1704 1029 135 S i faites moi dist labes de clugni

1411 1792 950 116 P or vr̃e auior yenterrai ausi

1420 1857 1034 131 p ar tel couueut cõ ia porres oꝑr

1412 1958 1012 87 Q ue se tu ies netues ne malmis

1415 2011 1086 121 ꝙ dameldiex reut itout ce souffrir

1406 2099 1071 112 hõms soit .R. li rois de saint deuis

1429 2178 1118 112 Sil ne me pent amo qu il soit auespri

1415 2258 1193 121 E n ma ꝯpaigne de morgnes nii vnis

1425 2341 1131 117 a bes dist .k. tort aues par saint crist

1406 2425 1234 103 J a dieu ne place qui en la crois fu mis

1415 2507 1024 103 Q ue mal v̾ꝰ face taut cõ ie soie uis

1409 2591 1142 121 Mais laissies nous sil vꝰ plaist ꝯuenir

1415 2672 1030 121 L uires ostages dist .B. amauris

1406 2756 964 116 Sire vez la. ⁊ ramfroi et heuri

1411 2840 1262 97 L uns est mes oucles lautres est mes cousi̾s

1421 2905 981 108 &ie les preng dist .k. au fier vis

1425 2975 982 116 P ar tel couuent q̃ ia porres oyr

1421 3057 1242 112 Que se uous estes ne vaicus ne malmis

1406 3114 904 121 Je les feraitraier a roncis

1421 3206 1000 93 Q nͣt ranifrois lot a be. respondi

1406 3277 1141 126 D chait biaus sire qui enterra a isi

1401 3356 895 103 E t ꝯmeut dont klm. a dit

1411 3436 1108 125 E n non dieu sire sor nos terres tolir

1411 3505 917 117 D ist lemip̾. ce soit a ro plaisir

1427 3597 1071 118 M ais par celui qui onq̃s ne menti

1434 3650 1192 149 Gous nen teures ne plain piet ne deun

1533 3755 844 103 ggage furent otrie. ⁊ donne

1355 3655 192 302 L

1522 3831 802 117 Et hostage enu̾s ke. luire

1421 3926 1043 112 E n bons amaus les a onenserrez

1412 3997 1068 134 R. li rois les fist mout pres garder

1415 4084 1096 134 B aron dist .k. ortost si vous hastes

1396 4168 1062 155 A les au canip gardes ni demores

2682 661 915 121 Car par celui qui en crois en penes

2703 757 888 105 a m̃s q̃ mes filz soir ent̾reboures

2705 814 964 140 I ert luns vaincus pendus ⁊entroes

2719 903 683 139 k. apele dut Nay libarbe

2724 954 885 195 L ay dist .Bienu̾s moi entendes

2715 1033 978 172 p rendes tantost cent chlẽs armes

2719 1123 965 162 M rous meismes soies bñ aprestes

2719 1196 955 177 S i en ales au camꝑ ni demoures

2728 1278 1046 159 C es .ii barons aueuc vous enmenes

2731 1378 1025 146 M si vous pri q̃ vous le camip gardes

2731 1440 1018 158 Q ue traisou mait ne maluaiste

2734 1533 981 143 Q ue ne uolroie porloon ma cite

2731 1610 910 143 Q uis ieust trayson ia pense

2738 1666 1020 168 Sire dist s ay tout a ro volente

2733 1718 1062 204 L idus sarma qui tant frst aloer

2737 1834 963 149 & chaint lespee au senestre coste

2737 1921 910 149 C ent chlẽs fist auenc lui aler

2738 1894 1271 247 Es cheuaus montent quilont faie engier

2744 2039 1030 177 & li fois .kr. a fait sonban cr ier

2728 2185 1006 127 Q ue il m ait tant hardi ne ose

2731 2268 1155 137 T ant soit haus lom. ⁊ degñt parenta

2737 2358 1124 122 Se il dist mot qui a iaus puist greũ

2731 2436 1096 112 Q uil ne li face toz les m̃bres colper

2738 2514 1085 135 V ers le moustier sont li baron ale

2738 2593 1057 149 Porr oyr messe a .i. saitisme abe

2852 2694 1084 124 Ers le moustier en uõt li fũc marcho

2648 2682 212 209 A

2845 2774 820 107 Or escoutes de huon q̃ il fist

2719 2849 1053 140 O ue guͣt mine li enfes p̃ndre fist

2738 2933 843 111 e si la fait emplir de parisis

2733 2984 1127 144 a s poures geus a fait tout departir

2725 3082 1028 93 Et il escrient clerem̃t a haus cris

2738 3138 1076 111 C il tegarisse qui en la crois fu mio

2741 3231 816 102 &il te laist a ioie reuenir

2737 3302 947 96 Messe ceuita li bons abes lietris

2737 3377 1034 108 S ñt fu cantee ⁊ li mestiers fems

2757 3454 987 144 D euant lautel se coucha buelms

2738 3533 1020 121 D autre part fu li cuiu̾s amaurio

2741 3634 1049 87 E ntor iaus ot gnͣs caudelles espris

2729 3692 1099 130 d euant lautel les orent en crois mis

2737 3783 960 115 L es amauri ne se porent tenir

2731 3864 1093 124 a terre chieent q̃ cascuus bñ les vit

2738 3957 1057 126 Mais les huo se drecierent toz dis

2733 4041 1006 139 L i campo seva. ⁊ fors. ⁊ arinmis

2738 4120 1015 233 Deuant lautel ful. en crois mno

2724 4204 941 246 C icu reclama le roi de paradis

4680 633 922 205 B esdier diex dut ħ qui ouq̃o ne mãtio

4648 726 763 167 Si oraenĩt sire cou tu nasqnis

4659 800 761 177 E n bechleem ce nous dist hescris

4647 856 645 186 De la pucele ropne geuitris

4601 893 773 243 I lmot feme por vĩe cors seruir

4601 968 852 251 F ero unedane qui mout ot cler le vis

4731 1047 732 256 unaitasse ot uou ce mest auio

4531 1205 205 126 S̾ aiutes

4504 1226 847 155 Q occut mam deleure que uasqui

4507 1350 947 99 A ses moiguons diex fustes recuellis

4504 1415 850 105 Lues que voꝰ tuit uuracles ifesis

4491 1489 984 100 d autost ot uiauis.⁊ lous.dois ⁊ traitis

4479 1564 807 99 ꝙdes .iii. rois sire fustes requis

4452 1606 880 144 Li felherodes en ot le cuer niari

4454 1685 959 146 Q nͣt les nouueles de vo cors enteudi

4442 1759 869 146 S es serg aus fist aler par le pais

4405 1815 978 173 T ous les eufans de .ii. aus. ddenu

4396 1871 894 186 F us decoler ce nous dist li escris

4401 1932 917 209 B uil v̾ audoit ocls auisi mordrir

4353 2001 101 75 m

4354 2113 1118 210 muo de ses mains vous seustes garir

4386 2219 1009 158 T rente deus aus alas par le pais

4363 2304 941 144 Orous ot sire aposteles beueys

4377 2388 885 138 I. en iot qui toz iors vous hay̾

4365 2467 953 135 I udas̃ ot uon li traytres faillis

4391 2546 1090 135 S ious vendibiaus dous sire as Juys

4377 2625 1053 121 ꝙ puis si fustes lasus en lacrois mis

4363 2709 983 103 E tde la lauce si vous feri longis

4382 2784 1025 111 La rechus mort au ior du venredi

4387 2863 1076 112 Sire ce fu por nous. ce ne fu pas porti

4368 2937 1076 112 A utier ior fustes come diex surrexis

4377 3012 1100 121 A uiour dascention fustes es vanuio

4377 3091 1211 121 A uior de pentbecouste lorvint li.s. espira

4354 3138 1132 149 I si vraiem̃t sire cõ cest virs q̃ ie di

4359 3235 1020 126 &q̃ iel croi loiaum̃t sans mentir

4377 3319 1062 130 S igarissies mõ cors par uv plaisir

4377 3389 969 140 Que ie ne soie mates ne desconfis

4363 3459 1202 139 o̾ q̃ puisso cõquerre le cuuert amauri

4363 3519 1090 177 i braiement biaus peres ibũcris

4363 3598 1183 266 Que ie nai coupes el meffait cõme dist

4387 3733 1080 205 I tant se lieue huelins li meschuis

4401 3799 1164 223 Iesigne de lacrois afait en un son vis

4424 3887 1122 219 Qnestant se leua li damoisiaus de pris

4429 3976 1141 200 Puis abaisiet lautel ⁊ soffrande sus mnist

4461 4069 899 163 g apres seleua li cuu̾s amauris

4471 4143 992 163 G par desus lautel fu aportes li vins

4480 4222 903 196 La se desume li courtois huelius

2202 4679 294 284 N

2566 4734 98 219 d.

5668 642 950 182 D eiautre part desũi na amauuio

5668 797 1086 103 D esus lautel sanit pierre co nest vis

5646 865 1040 118 Q nͣt ont mengie asses. ⁊ parlorsir̾

5646 940 1152 133 D u moustier issent ambedoi ce mest vis

5646 1036 916 106 P remiers issi li cortois huelms

5616 1098 1044 126 Soueut reclaune le roi de paradis

5618 1201 854 96 A pres issi li ciuiu̾s amauris

5628 1275 953 112 A ins nenclina autel ne crucefis

5624 1347 1022 118 O n les ramainc sus el palais voltis

5628 1437 984 102 Pres de huon lifraus abes se tint

5621 1517 870 90 & ausi fist dus Naỹ. li flouris

5618 1592 1050 90 Et li haut home qui furent feruesti

5618 1663 944 109 D e lautre part sen issi amauris

5618 1735 938 102 Si le cõuoie godefrois.⁊ henris

5615 1818 959 106 M ses lignages de cui il fu goys

5612 1893 1046 109 Qui de dui soit ⁊ de ses sains hõnis

5612 1970 1167 115 Maint mal ont fait volent̾s nõ euuis

5615 2054 851 106 M traytor dusques a xxx vi

5618 2110 1205 124 El polais entrent ou furent li marchis

5621 2202 1020 130 Li ioio les voit ses a araison mis

5637 2296 1012 112 P arou dist .k.par le cors .Sr denis

5615 2377 972 109 A Ies voͦ tost armer et fer vestir

5626 2444 1075 121 Car par celuiqui enla crois fu mis

5607 2518 1099 126 A uis q̃ mes fil soit enterre enfois

5630 2597 1160 112 Lert li uns diaus. mates ⁊ desconfis

5626 2677 1094 121 q̃ dix de gloire enlaist le droit veuz.

5616 2751 1221 121 A dont sadoubent. ⁊ont lor cors garm

5626 2835 1094 130 H ues sarma lic̃artioisiaus de pris

5626 2886 1360 154 Canche unes gauches blances cõ flors de lis

5626 2998 1038 135 Et vest laubers q̃ li dõna sevins

5616 3068 1193 135 & chanit lespec dout li pous fu huinis

5612 3161 1094 126 & dautre part sadonba amauraio

5612 3240 1145 116 Qñt sont arme ambedoi limeschuui

5621 3310 1066 135 Les sains fist on aporrer: ameuir

5621 3394 1136 135 Q uiles paruiro ne plret de lan issir

5626 3463 950 126 Q ui Iuerra li barnages adis.

5630 3543 950 135 Cil qui apele dist sr̃o lafloris

5640 3637 1049 112 D out uirrai ie sire dist amauris

5640 3710 1155 131 C es sams mist ou par desus .ii. tapis

5631 3805 1033 105 M amauris si sest a genous mns

5643 3886 947 124 E nbaut parole si q̃ bñ fuoys

5649 3910 1169 182 e sin qui iure par les santo q̃ dix fut

5646 4047 1236 102 Sour tous les sans qui sont en paradis

5634 4128 1257 121 Q uil ne me piissent hinen cest ior hõnir

5640 4199 1099 168 Que bñ soc hueo de bour dele la dhut

4815 4679 224 191 S c

4957 4848 71 121 2

6995 200 265 256 E

7139 471 168 124 3os
