7863 5466
1161 552 996 144 Ra lonmaĩne ꝑ mit gñt ceudtute

1152 610 1002 127 I oiquens pierres en fu mit oires

1138 665 1030 145 M mo ul ncu ozc vers le roi estriuer

1125 737 1084 114 E nle gnͣt tour ont florent enlerre

1107 810 1015 132 L a se demente p samie a ploure

1097 892 1003 100 T ant crici lenfes q̃ il fu avespie

1084 961 1052 127 E t la pucelle a les mos escoutes

1088 1052 1053 114 B rais dix dist ele peres de maiste

1102 1135 1090 103 R oi iou lanois de chou cai tant ame

1097 1207 1057 127 T ant le querrtu q̃ iou larartroue

1097 1284 1112 128 Vient au muiret de nouel machõne

1093 1366 1061 128 a ses biax dois a le mortier grcite

1097 1448 1062 114 ⁊ din coustel quele quoit au coste

1093 1521 1070 118 C ant a furbiet de ses dois ⁊ boute

1084 1603 984 127 ⁊ ducoustel a si bñ manouure

1093 1689 1057 119 C un des quarriax en ala bele oste

1088 1771 1180 119 l un apres lautre en a tãt fors boute

1079 1853 1157 114 Q uele est issue vers le vergier rame

1079 1922 1030 132 l a lune voit qͥ iete gnt clarte

1075 2008 1143 132 Dont sent loudour des rozes eneste

1070 2090 1103 114 ⁊ tautres flours dont il iot plente

1066 2168 1066 118 B oze dist ele ꝯtu as gnt᷑ biaute

1066 2236 1138 159 Mais riens ne mut a florẽt le mẽbre

1178 2353 853 121 a damonelle a la rore parla

920 2182 271 323 L

1179 2414 1012 127 R e mais soudor de noient ne prisa

1066 2477 1116 142 E miero lalaĩne q̃ ses ciers amis a

1061 2559 1112 146 Sele nel truene de son sens isterci

1066 2646 1084 146 Florens li prex les dis en escouta

1061 2723 1043 142 S ainte marie dist il cui oi ie la

1056 2801 1148 164 Dist la pucelle dous amis ves me cha

1047 2896 1075 142 veschi le lasse que on emprisonnci

1047 2978 1075 142 J oulai brizie ne sai quẽ aueurci

1047 3065 1071 132 O fortes moi pour dui lesperital

1047 3138 1085 146 F lourens oi chou que cele contti

1038 3211 1244 173 d e la gnͣt ione li siens cuers souslena

1038 3302 1144 146 Suer douce amie fait il q̃l ꝑt ircio

1029 3379 1075 151 Se ties repͥze mes peres tocira

1025 3461 1025 155 R e tis .aitis aidier ne te porrci

1034 3548 1111 155 C ucllies des flors bele sẽ rues cha

1029 3634 1162 151 M lt̃ plus souef atous iours mẽ serai

1020 3703 1071 155 Q nt iou verrai chou q̃ tomi aras

1011 3780 1052 164 D ont ciet pasmes de la tolor qͥl a

1006 3862 1162 169 C larisse kut des fleurs se lemportti

1006 3940 1021 164 R ores ⁊ flors ꝑ larciere boutci

1029 4003 1098 214 odnt ducomẽt leo l̾mita

2392 559 1046 106 Vers la pucelle an .ii. les mains bonta

2414 619 948 109 M ers la gaͣt tour si espesse troundi

2405 655 925 137 et duns alerure auenit ne ꝑrati

2551 737 870 101 la gnͣt tour st̾ venterat courciet

2364 732 195 188 O

2554 819 753 107 es les espies qͥ lt cipibiet

2423 865 888 132 a la prizon venoient espner

2428 938 1075 141 p chou que piertes uepinst lebele auder

2423 1002 970 150 Qͥ l ne li face la prison̾ deꝑec̾hier

2428 1061 1079 187 l i gnite estoit montee ene uploncer

2423 1152 1089 155 Soit les enfans lun alautre tousoire

2423 1225 1052 177 I l emploura mlt en ot gnͣo pitie

2423 1289 1125 209 M lt̃ doucement lor ꝯmence apraner

2437 1366 1048 200 E nfant dist il p᷑ di̾ le droiturier

2428 1416 1139 242 D eptes ⁊mis trmnia vncntosinẽ

2437 1630 1143 237 Sou vnis ꝑchoit amore ecreo qau

2450 1712 1089 205 S i mait dix iai de vus gn̾e Ncer

2432 1771 1125 224 M ais gairdes vꝰ ie ne vꝰ puis adcier

2428 1876 1093 182 L i doi enfant se st' entreslo ngiet

2423 1949 1134 178 R orent mot dire ꝯ nes oie pleidier

2423 2040 1116 173 Et les espies se sont auant lancier

2423 2113 1116 178 d ela prizon voient le mur brizet

2423 2209 1144 159 G nt noize font qnͣt il ont esclairiet

2423 2282 1153 150 d ist luns a lautre ꝑ le cors .sꝰ. ritier

2409 2368 1025 146 a lee en est la trouuee tres jer

2396 2464 1175 141 Q ͣnt celle sent ꝯ crie ens u marciet

2400 2528 1189 168 R est pas merueille se cuer a esmaret

2400 2628 1153 123 E lle sen tourne ꝯtreval le vergier

2396 2705 1189 137 E t vint au mur sesgarie le rocier

2400 2787 1153 128 E t le falise haute plus de xx. piẽs

2409 2855 1232 169 D esous voit liaue qui fait a ressongn

2409 2933 1130 137 f lorent fait elle or dept lamisties

2405 3019 1148 133 Eille se saine aual se laist glacier

2519 3120 1002 118 a damonelle est forment esgarre

2309 2982 218 324 L

2519 3193 1002 132 Qnͣt elle voit con a clarte poitee

2387 3279 1125 114 Ens u vergier ⁊ quelle iert qͣtmpee

2378 3357 1093 109 s ainte marie fait elle douce mere

2382 3439 1034 136 S e il me tienent ie ferai lapidec

2387 3511 1098 119 P uis que iou sui de mon ami seuree

2378 3584 1179 141 I aim mix noier que estre emprisonee

2378 3671 1102 141 E lle se saigne a diu sest ꝯmandre

2373 3748 1139 155 G lacier selaust du mut ꝑla ceuee

2378 3848 938 110 p la folve sastiantũ uooriro

2382 3926 1057 301 L a toce̾ ague ⁊ lõpierre quaitee

2373 4017 975 251 l ia sa char rompue ⁊ descure

2359 4081 1107 332 p uisson ⁊ roinses lont mlt deshoure

4315 515 923 114 Qut dut descendre en lieuc qͥ fu dere

4318 587 834 114 E n.i. buisson est dabele arrestre

4291 646 970 110 ix tance espine est ensa chor entrec

4309 706 761 123 pꝰ la dolour est caue pasmee

4303 795 929 103 ⁊ la gnͣt noise en la ville est levee

4291 856 856 109 a uioi Gar̃ĩ est la nouele alee

4264 920 861 118 Q̾ la pucelle clarisse est escrpee

4241 979 984 146 Juris lentent de riens ne liagree

4223 1047 1020 173 I ldist q̃ pierres enperdra sa ꝯtrer

4209 1129 934 169 N eli laira du sien vne denree

4169 1188 937 196 P lui est elle de la prison ietee

4123 1266 1093 196 Ui vu dirons sil vꝰ pleist ⁊ agree

4141 1330 1107 218 o ment la gaite sest la nuit pͣperisee

4131 1402 957 215 ꝑ le vergier est courus a celee

4122 1480 1057 246 C entoprencl la rout a resatirdes

4100 1667 1088 264 cera onisson la pucelle attestee

4236 1749 1016 218 eio tu li gaite mlt̾ faisoit apͥsier

4224 1840 1074 196 plus tost quil pot est issus du v̾gier

4144 1926 1158 173 tsvint as nauos qͣnquil pod esploitier

4090 1872 151 256 T

4136 2017 998 178 J latel prent si a pris a nagier

4145 2099 934 155 s icoiement a passe le viuier

4163 2180 987 149 L e sestoͣrn esciergaite ne chiens

4145 2262 1042 149 a la pucelle se traist sãs atargier

4151 2350 1008 124 o lt' bassement li a pris a hucier

4131 2418 1025 146 encis pucelle or laissies lesmaier

4131 2505 1048 132 O nares garde se ie vous pꝰ aidier

4136 2582 1139 128 E ntres cha tost si pensons desploitier

4166 2681 1039 100 E nla forest vꝰ vorrai embuscier

4145 2760 875 95 p uis reverai au nouel chlr̾

4145 2819 1002 123 Ciderai lui le pͥzon a brifier

4145 2919 1080 114 Tous iours ina il ame ⁊ tenui cier

4163 2997 1021 104 o rlen rendrai se jou puis le loiier

4145 3070 1048 109 c ele lentent si prent a oublni ẽr

4163 3138 1071 127 s agnt destrece pͣ florẽt le gͣrier

4172 3234 957 132 R cił le met ens u lntel legier

4172 3297 1071 151 P liscost qͥl it se rest pris a nagier

4168 3375 1057 155 Pine ala riue si descendi a piẽt

4168 3457 1057 136 d sdens le bos la damoiselle assiet

4168 3530 1093 145 Puis dist pucelle or pẽses du gantier

4154 3603 1048 159 S e mis vient ci si vꝰ ties arrier

4150 3680 1043 168 R bu rrai florent lenfant ardier

4141 3744 1016 182 a du atris si se tret eut sharer

4160 3920 1110 275 T rot patour au lamoizel eit vient

4195 4026 857 219 S ebotu oment a esploitiet

4227 4058 970 273 E t vralle vient deliurer ⁊ aidier

5425 478 176 178 D

5598 496 957 187 uit cioires a rela gaite entradu

5607 583 811 141 En li conta ꝯ lui esc anenu

5481 646 1063 146 d e la pucelle ꝯment la secouru

5457 715 1162 150 a ins si ioiatis anul iour meris ne fu

5462 797 1221 123 ⁊ dist li gaite froissons erreit cel mur

5462 879 1093 123 V esci . i pic dont ie sui pourueus

5462 956 1047 128 V ien a celi qui tant mal a eu

5457 1029 1207 132 T ant a luns lautre aidie ⁊ secouru

5462 1111 1057 132 d u pic dacier martele ⁊ feru

5466 1214 1145 103 Q l ont le mur quasse ⁊ confondu

5457 1275 1162 114 De la gnͣt tour en est florens issus

5448 1361 1157 123 v ient a lestable au bon destrier crenu

5443 1443 1030 119 l a sele imist nia plus atendu

5439 1521 1011 105 l a guite la des armes pourueu

5443 1603 1194 123 p lus tost quil pot ꝑ la rue est courus

5434 1685 1098 109 D arragonne est isnellement issus

5448 1758 966 114 ⁊ vint aubos la u clarisse fu

5454 1843 999 112 E lle le voit les bras li a tendus

5443 1931 1016 109 ⁊ clls descent qui encontre li fu

5443 2008 1053 110 E mpasmisons st' li enfant ceui

5448 2086 1125 118 p uis sentrebasent qnͣt il st̾ reuenu

5448 2163 998 119 l ienfes voit le ial quele a eu

5457 2250 1112 109 C ar tout si drap estoient desrompu

5453 2332 1056 104 E n .xx. lius li est li sans courus

5462 2405 1079 123 h e douce ame dist florens li seurs

5453 2487 1148 118 E r tost montes ci narresterons plus

5462 2559 1207 128 C is regnes soit tous as maufes rẽdus

5462 2641 1120 119 ⁊ male hart soit mes peres pendus:

5481 2736 1033 109 M ais niere lies si sera confondus

5462 2810 1029 123 I lst monte m arresterent plus.

5466 2887 1094 128 ꝑ le boscage sen vont tout iraseu

5471 2974 1139 137 &lt̃ redoutoient quil ne fussent ꝑchut

5591 3054 990 131 Esen uont li enfant ⁊ st̾ acemine

5416 3080 178 190 S

5594 3133 1011 132 florens ceuauce ꝑmile bos rame

5471 3211 1120 155 L e gaite apelle ꝑ mlt̾ gnͣt amiste

5475 3306 1089 119 G ardes nisoie de p̾ vous renõmes

5471 3370 1221 141 M es peres me fera querce cest verites

5475 3461 1162 132 I l ꝯuient ore que mes nons soit celes

5471 3552 984 137 k desguisiẽs que ne soie nõmes

5475 3616 1080 155 L a pucelle a lenfant arraisonne

5471 3707 1052 128 a mis iai mlt' le cuer espoente

5471 3776 1075 150 ⁊ sai le cors taint ⁊ ensanglente

5484 3858 1066 145 J ou voi gnͣt gent issir de la cite

5480 3935 1212 128 S on nous atoinst a mort sõme liure

5524 4020 1087 158 R e mest de moi villant .i.gil pele

6646 309 346 105 cceres

6866 437 186 130 3od
