8215 5096
4655 628 663 149 Q mon com̃nant medoit faire iuio

4638 687 705 149 Q uel comip ne su v begucs fu ocbis

4620 751 740 153 Lonues nes toit ne sot nel consenti

4613 781 530 149 Dolans ensu q̃ bũ dire loi

4578 852 791 184 Maio ce ne puet pas metre en escõdit

4570 883 726 225 Desgouaile st̾ li glouton nourri

4540 917 693 246 ⁊ pstant en est meffais sor mi

4511 959 824 298 Poier mẽ doit vairs ⁊ gris ⁊ h̾mins

4485 1014 867 319 Ointreo ⁊ chiens ⁊ ostoirs moustardĩs

4443 1053 828 356 A respre dont il est bn garnis

4358 1380 977 263 pit soñ mueble qñques sor t̾re ẽgist

4383 1490 794 221 Mais qͥl nesoit cacies a desheryt

4387 1533 875 237 Aͣ lo sen doit .vn. ans fors del pais

4375 1596 1019 238 V odauo enlanges nus pies ꝯme tapĩs

4366 1694 905 187 Seil ne puet demourer ꝑ depri

4392 1766 870 200 De ce non nous serons anemi

4379 1838 815 162 a preo ꝑla fromons li posteis

4383 1881 960 191 a ũ duc.Gari. errament respondi

4379 1953 977 161 R es dim seul mot vꝰ n aues menti

4392 2052 824 125 ⁊ iel fesisse certes se me loisist

4397 2112 989 130 M ais ne me laissent mi frere ne mi fil

4392 2177 1067 133 k emes parages ne mes m̾uillous liñs

4379 2229 1100 144 Il nest pas drois nonques nul ior nel vi

4379 2310 951 136 Q̾ p mort home deliuraist on le uif

4375 2373 1011 132 S a nos homages vous en voles tenir

4392 2450 926 131 a gnͣs amendes ne poes pas fallir

4379 2514 1070 127 se nous pardõnes la mort de .v. caitiẽ

4396 2590 1058 115 D essi quas pies vous seruirõs tous dis

4396 2658 1024 119 r espont . Garms: ia dix puis ne mait̃

4396 2734 1041 119 Q mains en aie que vres bries mẽdist

4396 2811 926 97 ⁊ li bons albes qui la parole ẽdist

4400 2874 909 111 r ales vꝰ ent questes vꝰ plus iei

4404 2934 994 119 h onte me ftutes iou ne vꝰ puis veir

4409 3015 904 102 S vuit aues trestous en soies fis

4430 3074 985 106 Mais ꝑ leipostre que querẽt pelerin

4421 3142 812 106 ⁊ ꝑ la foi que doi le roi pepin

4430 3201 1024 115 L e vous fersi tous les membres tolir

4427 3269 1056 124 bã le sachent tout vo plus chier ami

4440 3326 835 143 ⁊ v̾ meismes cui la parole di

4421 3393 960 178 C al vous en ont destomrbe ⁊ parti

4447 3511 845 327 D ũ feraũ dẽ maĩe mort mor̾ir

4485 3575 943 336 Qnt fromons. lot formẽt sen esbahi

4502 3686 726 267 S la cite en est leues li cris

4540 3741 765 250 ⁊ loperain st̃ as armes sailli

4562 3775 866 327 Freuent eussent malement en vai

5578 719 994 121 Q ntͣ li firms bus mlt bñ le deffendi

5560 777 994 110 f romons apelle le loheram.Garin

5551 849 905 98 E rices dus p᷑ lamour dn merci

5555 913 1054 106 prendons .i . iour sil vꝰ vient a plaisir

5543 989 1028 98 T ant q̃ vignons a la court a paris

5538 1053 914 102 Voiant le roi voiant lempeis

5538 1121 990 102 S e vos paraiges le pooit ꝯsentir

5530 1176 1049 110 D e nr̃e guerre fust acordance pris

5526 1252 1019 111 ⁊ iou lotroi certes ce dist garms

5521 1320 952 106 a ces paroles es les vꝰ departiõ

5526 1384 1083 110 F romons sen va arriere en son pais

5534 1460 1045 107 G re entendes de.Guilliaume. qͥl fist

5534 1524 1079 119 la chartre brize ⁊ les qͣriax croissi

5534 1588 1088 119 C hiax en jeta que fromons i ot mis̃

5538 1681 1024 85 a blanchafort les mena li marcis

5551 1728 1058 115 li dus. Garins. ne misc mie en oubli

5538 1792 1101 114 Q uerre envoia le bourgingnõ . anbri

5555 1874 1037 127 m anda Gerart. ⁊ lalemant .aurri:

5564 1927 1070 124 G autier. de non. huon: de cembre sis

5568 2000 1011 119 Qͥ de la guerre st̾ tout bñ ahati

5567 2075 1124 113 Q ͣnt venu furent sont jure ⁊ plueui

5567 2137 1056 122 Q uil vengeront la mort de lor ami

5585 2191 1054 136 a . mes. envinrent droit a .i. samẽdi

5572 2263 1028 136 D escendu st̃ ⁊ puis se sont vosti

5581 2331 1109 136 E l palais montent tout cil q̃ ie vꝰ di

5577 2395 1147 136 E ncontre saut. gerbers.qnͣt il les vit

5585 2467 973 140 I l les embrace ⁊ bel les coniõi

5598 2526 1100 153 l iaue demandent au mẽgier st̃ assis

5589 2603 1075 144 a pres mengier st̃ des tables parti

5604 2695 1110 124 E n vne cambre en est entres.Garins

5594 2751 1062 157 C hiax apella quil tint pꝰ ses amis

5589 2819 1024 153 E ntriax plerent priuement ichi

5602 2896 1105 144 S eignour ami li frans dus lor adit

5598 2955 1041 153 S anes pꝰ coi ie vous ai mande ci

5589 3037 1136 136 M ors est dus. legues del castel debelin

5602 3091 1113 157 C estoit li mudres qui nous aꝑtenist

5606 3151 1194 178 l a gent. fromont. le nous ont fant morir

5581 3231 1104 153 E a la forest pour .i. porc que il prist

5598 3308 888 140 p acorder en est venus a mi

5589 3359 1101 161 C is iours failli .i. autre iauons mis

5581 3435 1015 149 Q'̾ deuons estre a la court a paris̃

5585 3507 1003 145 D euant le roi deuant lempereis

5589 3578 1028 139 C ouuent lauons li jours iest assis

5585 3613 1083 179 Pour ce vous voel acointier ⁊ garnĩ.

5589 3711 989 147 Q̃ iou ne saique il puet avenir

4867 4334 156 161 N6

6630 462 246 183 tens

6817 607 136 153 2i3
