8107 5513
5516 317 1158 114 [$]eil pour en uo uer querre mare[$$] uerõne

4338 362 988 290 E nsi que uapasiiens ꝑ la a gaũ son si

4301 638 1016 253 Q uant pour ma hõ qͥ est de char for[$]

4297 689 983 243 a uons le roi des chieus en troublie

4297 771 795 235 n os emꝑes ẽ est des figures

4297 831 1038 225 ⁊ nous ensoumes de lamor dieu seur

4301 900 1043 234 e rois des chieus qui tout en lumines

4301 992 1039 230 uꝰ nos uoe illses tel chose de moustrer

4298 1084 1076 183 c auous puissons la sus el chie mõt̾

4278 1162 1066 188 d e lem pereur uꝰ uoel auant ꝑler

4274 1245 1061 170 c uns senescal auoir norri souef

4264 1327 1117 184 g ais ot anon el mõde not sõper

6339 529 536 111 Dut chil ⁊ torroes

6348 609 619 95 celles aient ueneiton

6372 673 573 129 qͥ norront as cout̾

6385 722 609 153 [&] moi ceste chantou

6394 799 610 156 o [$$]a na mot de faus

6400 894 542 138 ne de ꝯtrouuison

6415 977 601 147 L oude est de uraie

6415 1044 674 165 estore il ni a senoirnõ

6427 1145 638 141 e t p᷑ chou ẽ doit on

6431 1237 612 128 bñ entendre letou

6427 1307 641 163 de celin qͥ le dist ⁊ ẽ

6440 1427 508 131 fait mention

5542 1479 1498 225 p lus doit plaire a oir ne face de charlon

5542 1575 1416 207 Qͥ espaingne ꝯ quist ensi que bñ set ou

5551 1686 1282 197 ꝑ ses bons ch̾̾is dont il auoit fuisson

5547 1782 1231 184 n olant ⁊ oliuier ⁊ ogier le baron

5547 1860 1268 175 ⁊ turpin la cheuasqne ⁊ lecõ namlon

5560 1924 1393 189 p lus furent de ualeur que dire ne puet on

5570 2016 1323 193 c hilqui st̾ ore endroit ne ualent .i. boutõ

5560 2104 1439 188 d e lor panche en crassier achescũs hẽguiso

5565 2214 1241 179 s olas de dames ch̾̾r en ont labandon

5565 2278 1360 189 o r larai diaus ester car auenir uoit on

5565 2388 1177 184 qͥ ꝑles defallis mãides fois anoion

5570 2457 1346 216 ⁊ pour chou que ie sui dechou ẽ soupe chõ

5574 2540 1351 211 c auoie ne uous aie de ma prologuison

5583 2623 1370 197 uꝰ dirai chou dont inest sãs nule arese son

5574 2774 1342 244 a utans le roi dauid ⁊ autans psallemo

5570 2871 1369 234 f urent iuis empris mlt̾ les honneroit õ

5560 2977 1237 215 o r sont il en sernage ⁊ en chaitiuison

5560 3064 1273 197 c ar illedeseruirent li encrieme felon

5570 3133 1273 229 p᷑ le fil dieu qͥ prisent ꝑnuit entraison

5551 3234 1393 211 m lt̾ vilment lenmenerent a guise de larõ

5547 3303 1365 229 i amais ne sera eure nen aient retracon

5551 3395 1333 234 d e chou qͥl les copirent eluis ⁊ umentõ

5551 3473 1292 229 p uis le mirent en crois il firent mespͥsõ

5486 3598 1288 196 itus la la ueng̾ cores en la chancõ

5542 3661 1246 211 ⁊ mist iaus ⁊ lor t̾re en fu ⁊ en carbou

5533 3725 1415 262 o nques nen daignaprendre auoir neraecõ

5528 3836 1361 229 a ins les fist trestous meti̾ agͣt destrution

5476 3921 201 222 S

5677 3960 1207 187 ignour or mentendes nel denes cõtredi̾e

5487 4075 1328 238 o nlen doit ascout̾ uolentiers lematire

5668 4030 1127 193 qͥonq̃s ot chant̾ ceste chancon ou lire

5469 4157 1387 267 c ar cest coument iuis furẽt mis amartire

5459 4222 1329 271 ꝑ l em ꝑeur deroume qͥ leur moust᷑ sõ ire

5455 4313 1181 271 i l ⁊ titus ses fis ⁊ cil de son enipire

4719 4709 166 183 23a

6944 348 101 102 83

7059 381 78 115 83
