8215 5096
1149 747 923 122 Si iolentiers perlerga le meschin

1129 802 918 128 de ꝑ le roi qui france doit conir̃

1138 862 968 135 a pres mangier len a a raison mus

1138 925 896 136 A ues besong amis encest pars

1129 1006 854 119 ⁊ cils respont si mait dix oil

1125 1057 926 132 a fromont vois a bordeles la cit

1117 1133 938 128 Se mi enuoie lempereres pepins

1121 1197 968 127 Si me moustres le matin le cemiñ

1112 1274 982 123 C il respont volentiers biex amis

1112 1324 1041 132 a mont lemaine ens el palais antif

1095 1405 1075 136 ꝑ les fenestres tourna defors sonvis

1095 1477 1130 122 V ois la bordele dist. fouques biax amis

1078 1541 1050 144 Toutes ces landes en ires le mauñ

1087 1617 990 119 an repairier en reuerres par ci

1091 1690 947 110 Si me dires chou que ares oi

1091 1753 977 124 Cis respont sire tout a vĩe deuis

1091 1821 1011 132 Le mus sont cources si st̾ ale iẽsir

1083 1889 1100 115 S erars. se heue tantost q̃ le iourvit

1098 1978 983 102 Q̾ mlt̃ se haste del message furnir

1095 2034 1062 114 D usca bordeles ne pust il onq̃s fin

1100 2119 968 110 Pmila porte cirla ville se mist

1095 2174 1084 110 Droit au palais au prren descendi

1091 2246 1066 115 S on ceual fait a i . garchon tenir

1095 2310 1075 114 a mont monta ꝑ les tegres mͣbrĩs

1095 2378 1135 119 Fromonr troua quest au mãgier assis

1100 2467 1104 97 C ar il mangoit mlt' volentiers matĩ

1100 2539 1125 98 Deuant lui sert lorguillous fromõdĩs

1104 2611 1109 98 E n sa mamn tmnt la gnͣt coupe dor fin

1104 2675 1134 102 Dusques au cerdle ostoit pla̾medeumn

1112 2756 1118 97 a tant es vous le preu. Gerart.u uint

1121 2824 985 97 Fromont salue q ia porres oii

1121 2891 1070 102 Cis damedix qin en lacrois fu mis

1125 2968 1045 93 Il saut ⁊ gart lempereour pepin

1121 3032 1104 97 I e dut. Gerbert. ⁊ hernant .⁊. Geriñ.

1125 3108 1015 98 ⁊ il mandie lors mortex anemis̃

1129 3180 1050 102 S es tu fromont ꝑ coi sui venus ci

1138 3252 896 107 Jel te dircu se tu le voels oir

1142 3316 1109 106 I i rois te mande qui doit frrice tenir

1134 3393 964 106 Qͥ vous ales a luui droit a paris

1151 3473 1023 94 pͦ faire droit ⁊ pꝰ droit recuellir

1159 3541 964 98 Del duc. begon qui el hos fu ociõ

1142 3605 1088 93 Del duc . Garin. dout ta foi li mẽtis

1146 3680 1076 85 M aluaisement el moustier fu mͣdrs

1142 3732 969 106 t u ⁊. Ginsls̃. tes freres locesis

1142 3800 1062 145 S en seras droit lempereour pom

2259 675 812 127 E crbert. son dui ⁊ hnent eg̃cter

2255 772 786 98 S e nel vocis faire pꝰ eture te di

2255 823 752 107 D e p le roi orendroit te destr

2259 866 841 140 l l empercres venta ꝑ fans sorti

2259 925 897 145 p rendra la terre qui toie it arenir

2255 993 833 153 N e te garra castiax ne rouler

2272 1057 901 149 Tours ne bretesbe ne curs oral

2242 1121 922 153 Quil ne te face de male mort norr

2251 1184 926 157 F romons lentent a poi nelrage vi

2251 1252 926 157 D e sor la table voit .i. coutel gesr

2259 1312 905 195 S i le ieta le messagier pepin

2255 1384 901 187 ꝑ tel vertu pour poi ne la ocis̃

2272 1443 909 196 Si eust il sil ne se fust guenchis

2273 1523 949 184 N eu toucba mie car ihus le gari

2271 1619 894 144 m ais deles lui .i. damoisel feri

2271 1673 909 155 Q̃̾ li coustiar li ficha ens el pis

2273 1743 992 153 Mort le trebusce deles. Gerart cai

2259 1787 1041 200 Sire fromons li quens . Gn ills̾. dist

2259 1843 1109 203 On ne toit mie son droit seignor laidir

2276 1915 1109 208 D ix dist fromons ꝯ pins̃ esreigier viõ

2285 2004 1023 200 pͨ .iii. garchons leceo̾urs de putꝰ lun

2289 2055 1053 199 Q̾ lempereres me tient si empouruil

2281 2119 1112 212 Li bers Gerars. ot mlt' le cuer hardi

2281 2212 1100 187 F romont . escrie mar mosas enuair

2281 2271 1146 204 Dont traist lespee celle part est gñecis

2293 2348 1122 216 Dusca fromont. ne prist il onques sin

2310 2433 998 204 I a leust mort detrenchiet ⁊ ocis

2322 2514 1013 189 Q nt entredeus mis. chlr̾s sailli

2310 2564 1100 204 Cerars le fierc qui bien la consiin

2310 2654 1032 191 Dusques es dens le copa ⁊ fendi

2310 2726 1024 195 bieu retrouua lentree ꝑ v vmñt

2323 2790 1227 199 Son mautel double entour sõ brachamm

2327 2874 1032 179 Mlt̃ le redoutent li gnͣt ⁊ li petit̃

2327 2947 1020 187 p les degres sest a la terre mis

2323 3002 1092 195 De plaine terre est el destrier saillis

2331 3074 1122 204 P asse les bares ⁊ les pons tournels

2327 3138 1147 199 A inc ne fina dusques as cans enũt

2323 3227 1015 191 ⁊ dist. fromons . sen irti il ensi

2344 3282 1088 213 Sil nous escape ia esragerai pis .

2344 3363 1079 208 ꝑ mi la ville sont as armes sailli

2353 3410 1164 225 pour .i. seul home ne sit mais sigrs ors

2374 3503 1028 195 A u dos lencaucent. chli .iiii.4x.

2382 3567 969 187 Qͥ le manacent de la toste tont

2399 3609 1058 208 Dix dist il peres qui tont le mit lno

2395 3690 1003 242 S alues ma vie nc loie moroross
