8215 5096
1149 747 2072 869 qͥ uolentiers herberga le meschin
1129 802 2047 930 d e ꝑ le roi qui france doit tenir
1138 862 2106 997 a pres mangier len a a raison mis
1138 925 2034 1061 a ues besong amis en cest pais
1129 1006 1983 1125 ⁊ cils respont si mait dix oil
1125 1057 2051 1189 a fromont uois a bordeles la cit
1117 1133 2055 1261 s e mi enuoie lempereres pepins
1121 1197 2089 1324 s i me moustres le matin le cemin
1112 1274 2094 1397 ⁊ il respont uolentiers biax amis
1112 1324 2153 1456 a mont lemaine ens el palais antif
1095 1405 2170 1541 ꝑ les fenestres tourna defors son uis
1095 1477 2225 1599 u ois la bordele dist. fouques biax amis
1078 1541 2128 1685 t outes ces landes en ires le matin
1087 1617 2077 1736 a n repairier en reuerres par ci
1091 1690 2038 1800 s i me dires chou que ares oi
1091 1753 2068 1877 c is respont sire tout a ur̃e deuis
1091 1821 2102 1953 l e nuis sont cources si st̃ ale iesir
1083 1889 2183 2004 g erars. se lieue tantost q̃ le iour uit
1098 1978 2081 2080 qͥ mlt̃ se haste del message furnir
1095 2034 2157 2148 d usca bordeles ne prist il onq̃s fin
1100 2119 2068 2229 ꝑ mi la porte en la uille se mist
1095 2174 2179 2284 d roit au palais au perron descendi
1091 2246 2157 2361 s on ceual fait a i . garchon tenir
1095 2310 2170 2424 a mont monta ꝑ les degres mͣbrĩs
1095 2378 2230 2497 f romont . troua quest au mãgier assis
1100 2467 2204 2564 c ar il mangoit mlt̃ uolentiers matĩ
1100 2539 2225 2637 d euant lui sert lorguillous fromõdĩs
1104 2611 2213 2709 e n sa main tint la gnͣt coupe dor fin
1104 2675 2238 2777 d usques au cercle estoit plãine de uin
1112 2756 2230 2853 a tant es uous le preu . Gerart . u uint
1121 2824 2106 2921 f romont salue ꝯ ia porres oir
1121 2891 2191 2993 c is damedix qui en la crois fu mis
1125 2968 2170 3061 i l saut ⁊ gart lempereour pepin
1121 3032 2225 3129 l e duc . Gerbert . ⁊ .hernaut .⁊. Gerin.
1125 3108 2140 3206 ⁊ il mandie lors mortex anemis
1129 3180 2179 3282 s es tu fromont p᷑ coi sui uenus ci
1138 3252 2034 3359 i el te dirai se tu le uoels oir
1142 3316 2251 3422 l i rois te mande qui doit frãce tenir
1134 3393 2098 3499 q̾ uous ales a lui droit a paris
1151 3473 2174 3567 p᷑ faire droit ⁊ p᷑ droit recuellir
1159 3541 2123 3639 d el duc. begon . qui el bos fu ocis
1142 3605 2230 3698 d el duc . Garin . dont ta foi li mẽtis
1146 3680 2222 3765 m aluaisement el moustier fu m᷑dris
1142 3732 2111 3838 t u ⁊. Guills̾. tes freres locesis
1142 3800 2204 3945 s en feras droit lempereour pepin
2259 675 3071 802 G erbert. son fil ⁊ . h̾naut . ⁊ Gerin
2255 772 3041 870 s e nel uoels faire p᷑ uerite te di
2255 823 3007 930 d e ꝑ le roi orendroit te desfi
2259 866 3100 1006 l i empereres uenra ꝑ tans sorti
2259 925 3156 1070 p rendra la terre qui toie est atenir
2255 993 3088 1146 n e te garra castiax ne roulleis
2272 1057 3173 1206 t ours ne breteske ne cues antressi
2242 1121 3164 1274 q uil ne te face de male mort morir
2251 1184 3177 1341 f romons lentent a poi nesrage uis
2251 1252 3177 1409 d e sor la table uoit .i. coutel gesir
2259 1312 3164 1507 s i le ieta le messagier pepin
2255 1384 3156 1571 ꝑ tel uertu pour poi ne la ocis
2272 1443 3181 1639 s i eust il sil ne se fust guenchis
2273 1523 3222 1707 n en toucha mie car ihus le gari
2271 1619 3165 1763 m ais deles lui .i. damoisel feri
2271 1673 3180 1828 q̾ li coustiax li ficha ens el pis
2273 1743 3265 1896 m ort le trebusce deles .Gerart cai
2259 1787 3300 1987 s ire fromons . li quens . Guills̾ . dist
2259 1843 3368 2046 o n ne doit mie son droit seignor laidir
2276 1915 3385 2123 d ix dist fromons ꝯ puis esragier uis
2285 2004 3308 2204 p᷑ .iii. garchons leceours de put lui
2289 2055 3342 2254 q̾ lempereres me tient si empouruil
2281 2119 3393 2331 l i bers Gerars . ot mlt̃ le cuer hardi
2281 2212 3381 2399 f romont . escrie mar mosas en uair
2281 2271 3427 2475 d ont traist lespee celle part est gũecis
2293 2348 3415 2564 d usca fromont . ne prist il onques fin
2310 2433 3308 2637 i a leust mort detrenchiet ⁊ ocis
2322 2514 3335 2703 q nͣt entredeus .uns. chlr̾s sailli
2310 2564 3410 2768 G erars le fiert qui bien la consim
2310 2654 3342 2845 d usques es dens le copa ⁊ fendi
2310 2726 3334 2921 b ien retrouua lentree ꝑ u uint
2323 2790 3550 2989 s on mautel double entour sõ brachaim
2327 2874 3359 3053 m lt̃ le redoutent li gnͣt ⁊ li petit
2327 2947 3347 3134 ꝑ les degres sest a la terre mis
2323 3002 3415 3197 d e plaine terre est el destrier saillis
2331 3074 3453 3278 p asse les bares ⁊ les pons tourneis
2327 3138 3474 3337 a inc ne fina dusques as cans enũit
2323 3227 3338 3418 ⁊ dist. fromons . sen ira il ensi
2344 3282 3432 3495 s il nous escape ia esragerai uis .
2344 3363 3423 3571 ꝑ mi la uille sont as armes sailli
2353 3410 3517 3635 p our .i. seul home ne fu mais si gnͣs cris
2374 3503 3402 3698 a u dos lencaucent . chlr̾ .iiii . xx.
2382 3567 3351 3754 qͥ le manacent de la teste tolit
2399 3609 3457 3817 d ix dist il peres qui tout le mõt fesis
2395 3690 3398 3932 s alues ma uie ne soie mors ne pͥs
