8215 5096
921 641 1724 836 b ien seut deuoir ⁊ bñsen auisa
925 777 1724 883 q ue celle terre ꝑ au li rendera
925 832 1690 942 .xxͫx. mars dor qui adroit li fera
909 904 1843 1006 ꝯ nestaule il fist qui tout ce re[c]eura
904 972 1775 1078 c e cõ li doit ⁊ ses drois gardera
900 1040 1843 1159 d ont print ꝯgie diluec se deseura
909 1121 1868 1223 d edens bretaingne ou artu demoura
900 1184 1873 1290 u int o sa gent le roy tant demenda
900 1252 1754 1341 q uil le trouua de diu le salua
904 1316 1834 1422 l i rois artu forment sesmeruilla
900 1384 1779 1486 d e la biaute quil en lui remira
900 1456 1711 1562 p etit le uit enfauc̃o le cuida
887 1520 1762 1626 m ais il auoit .l. ans passes ia
896 1596 1771 1698 a son oncle bellement sacointa
883 1668 1728 1770 s i que neueu ⁊ ami le clama
870 1732 1924 1847 l i roys pour lui .i. grant tournoy cria
875 1800 1822 1919 t ous ses barons par sa t̾re manda
883 1877 1720 1987 ⁊ il i uinrent li tournois adreca
879 1940 1665 2046 s ic auberons illueq̃s tornia
866 2021 1856 2127 c heualiers prist ⁊ cheuaus gaingna
875 2080 1796 2204 ꝑ deseur tous tout le pris enporta
993 2136 1779 2267 u[b]erons a seur tous le pris eu
815 2153 1002 2298 A
999 2216 1866 2346 maint cheuał au tournoy a uaincu
858 2284 1907 2437 ⁊ gaaingnie maint bon cheual grenu
849 2352 1762 2492 a leurs ostes sut̃ li baron uenu
849 2403 1796 2556 d esarme sũt ni ont plus atendu
845 2484 1703 2637 p uis st̃ ale ens el palais artu
841 2564 1707 2692 q nͣt auberon ont si petit ueu
849 2620 1703 2777 c il qui pris iert se tint adeceu
849 2696 1881 2845 b ien furent uint . xx. dolent ⁊ iracu
841 2751 1758 2908 q nͣt en u̾s lui ce st̃ mal ꝯtenu
841 2836 1618 2972 l i fiencie se sũt alui rẽdu
841 2908 1919 3066 i l leur quita lors fois ⁊ bñ si cortois fu
849 2968 1911 3146 a uec tous les cheuaus dõt furẽt abatu
841 3057 1750 3201 ⁊ tuit cil qui alui sestoient ꝯbatu
841 3112 1847 3269 a tous les bachelers a donne dũ escu
841 3180 1868 3354 i lluec aquist de cheualiers maĩt dru
824 3248 1699 3418 o ui la ueist artu le roy chenu
836 3320 1813 3499 i oie menerent tant ai ie bĩe seu
832 3393 1885 3579 q ue grant ioie eut ia tãt neust uescu
832 3465 1771 3643 i oient en sũt li grant ⁊ li menu
828 3533 1745 3707 l i cuisinier entreus ont entẽdu
828 3605 1699 3775 a cuire mes bñ furẽt pourueu
824 3673 1784 3843 q nͣt il fu poins mãgiet ont ⁊ beu
811 3741 1818 3949 ⁊ quant bñ furent a leur uoloir peu
1996 590 2760 798 l i hiraut sõt a auberon cour[re]
2017 772 2705 870 p orter le pris ⁊ il la recen
2026 798 2820 921 n i eut celui necist bourse ⁊ tissu
2043 879 2845 997 ⁊ trestout furent dauberon rauestu
2038 934 2739 1070 t o[u]t li barõ ont bĩe aꝑceu
2034 989 2905 1133 q u[$] auberons a le tournoy uaincu
2055 1053 2930 1214 d o[$]t uont couchier ensi lor a pleu
2163 1121 2882 1276 i [c]heuał sont au couchier ale
1962 1075 2186 1380 L
2177 1183 2942 1330 [$$] leurs ostes car mlt̾ furent lasse
2051 1240 2905 1418 e t [l]endemain qnͣt il fu a iorne
2051 1307 2837 1482 a [$] roy artu a auberon ꝑle
2051 1371 2833 1550 o [n]cle dist il sachies en uerite
2055 1422 2964 1651 i [u]les sesar cil qui meut engẽre
2051 1499 2918 1707 e st trespasses demi an a passe
2051 1562 2977 1775 m orgue uo suer celle qui ma porte
2060 1634 2956 1847 d oit ci aual auoir grant herite
2068 1724 2841 1919 a uberons a roy artu aparle
2064 1809 2773 2000 ⁊ li a dit iai ci asses este
2047 1964 2896 2114 o r m̃e riray amõmur ma cite
2038 2034 2990 2199 d ont prant ꝯgie a dieu la cõmande
2043 2114 2918 2254 p uis souhaida quil ⁊ li sien priue
2034 2191 3045 2335 d edens mõmur fussent tout en sante
2030 2259 2909 2395 s i furent il leurs quil ent deuise
2030 2335 2845 2463 a brunehaut sa taie a racõte
2021 2403 2918 2535 ⁊ a morgain ce quil auoit troue
2030 2467 2841 2594 ⁊ elles lont uolentiers escoute
2017 2531 3015 2675 r ois auberons qui plains fu de bonte
2017 2620 2952 2739 a uec sa taie ⁊ morgue ademoure
2013 2679 3058 2802 .c. ans. ⁊ plus quains neut le cuer ire
2013 2760 3092 2887 m ais sathanas qui maint hõme a tante
2004 2832 2994 2938 l i fist ennui dont il ne len sot gre
2000 2891 3045 3023 c e fu en ioing droit ens el cuer deste
2004 2964 2867 3091 f u a du nostre la belle fremete
2000 3053 2998 3168 u int auberons son aubert endosse
2000 3121 2867 3231 g lorians ot auecq̃s lui mene
2000 3189 2884 3303 ⁊ malabrõ son frere le mãine
1996 3269 2875 3380 qͥ en du nostre sestoient esseulle
1996 3333 3105 3478 l i autre sont es bos sachies cachier ale
1979 3405 2960 3694 ⁊ auberons si a le sien cors desarme
1983 3490 2969 3766 ⁊ apres son haubert ale perche pose
1970 3562 3144 3872 t restous nus sest couchie ens en .i. lit pare
1962 3643 2981 3911 e ndormis si si est li frere lont garde
1966 3715 2977 3974 ⁊ sathanas qui maint hõme a greue
1949 3783 3028 4051 q nͣt sot quo lus neut mie de gent ꝑleute
1928 3851 2871 4127 e t en dormi le uit par faussete
