8215 5096
896 717 1873 900 b iax fix dist elle mlt̾ noble t̃re aues
900 836 1860 951 d roit a mõmur uo maisnage tenres
900 900 1834 1023 d e gens faees est li pais pueples
900 951 1979 1091 d i aus faire anui biax dous fix uꝰ gardes
900 1044 1839 1167 ⁊ uous seres ꝑ tout diaus honores
909 1112 1924 1223 e ncore ennuit dedens mõmur seres
909 1180 1885 1295 u r̃e moullier. morgue. auoec uꝰ ares
904 1244 1932 1358 d ore en auant bone amour li portes
904 1316 1902 1439 s on cor ares qui est diuoire cler
909 1397 1809 1499 ⁊ de fin or trifonies ⁊ bendes
913 1465 1907 1562 e n ꝯques liu que uous le sõneres
913 1524 1902 1634 d e uos gens iert ois ⁊ escoutes
917 1600 1975 1694 l ues les aures entour uꝰ assambles
921 1664 1966 1783 n i ara nul qui ne soit bien armes
1036 1736 1987 1847 ist brunehaus biax t̾s dous fix ore oi
835 1742 1046 1911 D
1042 1828 1962 1916 a moullier as morgue que ie ci roi
900 1885 1919 1978 f oi ⁊ amour li portes ce uous proi
904 1949 1784 2046 l e cor fae ares uous deꝑ soi
904 2025 1924 2131 a utre ioiel mlt̃ noble ares de moi
900 2093 1949 2191 l ai . i. hanap el mont millour necroi
892 2161 1928 2267 d or esmere est sans nul autre a loi
900 2233 1966 2331 q nͣt soif aras sel touce de ton doit
896 2293 1970 2416 d e uin iert plains seurement en boi
896 2373 1902 2484 q nͣt taras but ⁊ ens ara uin poi
896 2446 1873 2564 f ai del hanap uerser foi q̃ ti doi
896 2509 1873 2628 u ins en istra a aussi gnͣt rauoi
900 2569 1881 2696 ꝰ la fontãine court ꝑ desus gͣuoi
900 2641 1924 2764 s e bien .C.m.uassaus as auoec toi
909 2717 1830 2849 s aueras tu ce tedi ie par foi
921 2781 1941 2913 u in pour aus tous nẽ soies en esfroi
921 2841 1924 2976 ꝑ bone amour biax fix le uous otroi
917 2925 1975 3044 e sperance ai que ie mlt̾ bñ lemploi
925 2985 1868 3121 d ame dist il ꝑdiu en cui ie croi
921 3053 1966 3201 d e cuer mauies car bi̾e men aperchoi
930 3125 1877 3269 d es ore mais ne me doi tenir coi
947 3201 1936 3342 d e uo uoloir faire sans nul desroi
938 3261 1987 3405 d ist brune haus pour mener uo donoi
934 3342 1949 3499 u oel que soies dedens mõmur andoi
934 3410 1958 3571 o uous .xx. m. uassaus ꝯ gent a roi
938 3490 1987 3643 l a uous soushaide el castel ore endroit
930 3550 2009 3707 l ues si trouuerent si bien fist sõ esploit
925 3626 1894 3771 c il doi amant cele nuit en secroi
925 3698 1902 3847 d el iu daniours fisent lor esb anoi
930 3762 1881 3902 d e lor deduit que ie ci uous c̃onoi
921 3830 1966 4004 u inrent doi fil mlt̃ gent qͥ furent roi
1970 687 2748 845 ⁊ si creurent en la certãine loi
2109 770 2828 888 ules cezars cele nuit engenra
1949 807 2123 985 I
2102 798 2865 968 .ii. mlt̾ biax fix la dame les porta
2004 840 2926 1048 t ant quen mõmur .i. iour en deliura
2004 925 2807 1112 t rois fees ot oli qnͣt acoucha
2013 980 2858 1176 l e p̾mer ne lune deles pris a
2026 1040 2862 1265 ⁊ le mauisne la seconde combra
2038 1121 2824 1333 d iax ansier cascune se pena
2043 1172 2884 1401 m lt̃ uolentirs la tierce loi aida
2055 1223 2926 1477 ⁊ la p̾unere qui lainsne meunia
2043 1307 2964 1550 d e ꝑ le tout poissant li soushaida
2047 1371 2964 1626 q̾ des rõmains empereres sera
2060 1567 3100 1758 t ant sera preus ⁊̃ tant de force ara
2064 1656 3147 1830 q̾ tous les preus del mont sormontera
2064 1732 2981 1881 c elle qui lautre enfant aparilla
2068 1800 3032 1953 l i soushaida camdureus deuenra
2068 1872 3015 2017 f ille de roi mlt̾ gente espousera
2068 1940 2824 2068 a mes sera de li ⁊ lamera
2060 2012 2845 2136 ⁊ la dame de lui concheuera
2060 2089 3062 2221 a u gre de diu tel fruit ꝯ lui plaira
2051 2161 3041 2280 ⁊ a son gre del tout se maintenra
2055 2229 2875 2344 l a tierce fee apres ce deuisa
2051 2297 3075 2420 q uil iert preudom ⁊ calui sa parra
2047 2373 2905 2484 c ils qu[i] le mont fist ⁊ edefia
2051 2441 2875 2556 ⁊ il decuer si bien le seruira
2068 2514 2922 2628 q uen paradis saintefiies sera
2051 2594 2986 2705 a pres sa mort ses espirs regnera
2051 2658 2994 2768 e n gnͣs estours les loiaris aidera
2030 2726 3032 2841 ⁊ les maluais mescreans destruira
2026 2802 3028 2908 t ous tels fu il que cascune dit a
2034 2879 2994 2976 d el autre enfant ores con li dõna
2034 2947 3134 3074 l a fee qui lenfant tenoit dist ⁊ [iura]
2030 3019 2892 3129 q̾ il la terre iule cezar tenra
2038 3095 2973 3193 d edens mõmur courõne portera
2034 3163 3122 3269 t ous ses soushais si saigement fera
2038 3244 3011 3337 c a son uoloir tous les acomplira
2038 3303 2913 3422 c ascuns faes a lui obeira
2047 3376 2930 3495 s i que son gre desdire nosera
2047 3431 3202 3575 q nͣt telle qui tenoit lainsne chou esconta
2038 3524 2901 3630 q̾ si tres gnͣde uertu li otria
2051 3567 3071 3737 t el duel en ot p᷑ poi que ue [$$$$$]
2051 3669 3066 3962 d e cuer dolant a dit puis quensi ua
2047 3745 3049 4021 i e li soushaide que puis ne croistera
2043 3813 2994 4076 q̾ de hauteur .iii. pies samplus ara
2034 3889 2913 4140 l a tierce fee adont le resgarda
