8215 5096
4927 704 5853 870 D iuous et feus prans est ꝯ llours de bir
4952 543 5662 806 .i. cor auoit qui doit estre chieris
4867 836 5666 1074 c ar il est tex questre ne puet pieris
4893 785 5679 1006 b ien uaut li cors lauoir de .iiii. cis
4910 760 5623 930 b endes est tor triphones ⁊ polis
4808 1031 5683 1286 d e tous ses homes est entous lix ois
4838 976 5560 1197 s i tost quilest de la dame bondis
4855 904 5577 1138 m orgue a le cor ensi fu ses deuis
4791 1078 5534 1341 p uis ne sera ses cors si escaris
4774 1184 5543 1477 s e uos uoloirs estoit a ce uertis
4791 1138 5657 1431 q uele auoec li nait .xx. mil. fer uestis
4736 1231 5662 1588 ꝑ coi de morgue fust ur̃es fix plueuis
4697 1537 5725 1770 c ertãine sui quil nen uaurroit ia pis
4706 1643 5628 1834 s e sa moulliers ert ⁊ il ses maris
4702 1715 5623 1898 t out a son gre seroit del cor saisis
4706 1787 5696 1961 r espont cezaires suer quest ce q̾ tu dis
4710 1864 5687 2029 f ai ton uoloir ia nert ꝑ moi desois
4723 1940 5615 2097 e le lentent sen a dit gnͣs mercis
4812 2000 5611 2144 e brunehaut fu li rois merciies
4667 2066 4827 2221 D
4808 2080 5679 2221 li mangiers iert ia tous aparillies
4710 2153 5662 2280 d e rices mes de uins nouiax ⁊ bies
4714 2212 5734 2348 f u rois cesaires en dunostre a aisies
4714 2284 5785 2407 q nͣt uint au nuit o sa fẽme est coucies
4714 2344 5696 2488 ⁊ len demain qnͣt iours fu esclairies
4706 2424 5713 2552 d ont se leua lempereres proisies
4714 2505 5653 2624 ⁊ brunehaus acui ne fu pas gries
4714 2577 5585 2692 u roit le roi si len a arraisniet
4723 2645 5662 2760 s ire dist ele se le mien gre faisies
4719 2726 5653 2836 i ules cezaires q̃ uꝰ ier tãt loies
4723 2785 5738 2904 t antost seroit a morguain apairies
4714 2866 5683 2968 r espont cezaires ur̃e uoloir facies
4731 2925 5806 3032 s e uous uoles quil lait sel soushaidies
4723 2998 5606 3100 e t ele dist biax sires dont oies
4740 3070 5696 3189 i ule cezaire uo fil que tant loies
4744 3134 5649 3248 o ses barons co lui aues laissies
4748 3210 5730 3320 ꝑ mon soushait soit ci saĩs ⁊ haities
4757 3274 5628 3388 t antost ifu iules cezar sacies
4744 3333 5611 3473 ⁊ si baron onques ni failli pies
4740 3401 5806 3567 p uis soushaida brunehaus a mos bries
4748 3465 5764 3618 c artus li rois qͥ des bretons ert cies
4727 3528 5793 3747 ⁊ sa seiours morgue as crins deulgies
4829 3660 5755 3979 a tout .xx. m. de lors barons de fies
4850 3758 5700 4025 f ussent o li cascuns ioiaus ⁊ lies
4867 3805 5742 4089 si rost q̃ fil cils soushais prononcies
4889 3906 5645 4212 f u il del tout ꝑfais ⁊ adrecies
5946 683 6978 840 l i rois artus sen est ml̾t m̾uillies
5955 785 6978 900 c ar ne set pas u il ert herbergies
6052 866 6987 972 ist bru[n]ehaus Rois artus entendes
5870 878 6046 1057 D
6054 945 6963 1033 rous e[s]tes droit en dimostre osteles
5895 993 6940 1116 ⁊ chai ie fait ꝑ mes soushais faes
5929 1074 6741 1176 i ule cesar que uous ici uees
5917 1142 6893 1257 i l est mes fix mlt̾ est prex ⁊ senes
5908 1218 6885 1312 d el emperour de rome est engenres
5900 1282 6830 1388 l es moi se siet bien ueoir le poes
5904 1354 6876 1452 a  moullier ma bñ a .xu. ans passes
5908 1418 6902 1528 i ules nos fix est mlt̾ de nous ames
5908 1494 6915 1592 g nͣt ioie ariens sestoit bien maries
5904 1562 6919 1668 p our le ualour dont estes renõmes
5908 1639 7012 1741 ⁊ ur̃e suers morgue en cui maint bõtes
5912 1702 6910 1809 s ens ⁊ ualours ⁊ ꝑfaite biautes
5917 1770 6898 1894 u aurrientes bien ca liifust assenes
5917 1847 6953 1957 s il uous plaisoit ⁊ il estoit ses gres
5921 1919 6834 2025 a rtus respont cõme rois auises
5925 1983 6859 2089 i l me plaist mlt̾ sil est sa uolentes
5933 2059 6970 2165 d ist brunehaus nous li dourrõs asses
5929 2127 6817 2229 m õmur ara qui est noble cites
5938 2195 6851 2305 ⁊ dosterrisce qui est gnͣs ducees
5938 2259 6957 2386 l i dourrous nous les gnͣdes herites
5942 2335 6872 2458 ⁊ honguerie u il iert courounes
5942 2412 6876 2518 a donques fu cis acors creantes
5950 2488 6843 2598 i ules si est uolentiers acordes
5946 2543 6910 2662 a ussi fist morgue cest fine uerites
5946 2628 6876 2734 s a moullies fu ⁊ il ses espouses
5942 2679 6910 2807 d ont sest cascuns de festoier penes
5942 2751 6991 2879 d e mes nouuiax ⁊ de uins frois pares
5946 2815 7021 2951 b ut ⁊ mangiet ont tant quil lor fu ses
5938 2891 7021 3019 d ont uinc la nuis ⁊ li iours est passes
5946 2968 6893 3104 i ules cezars ne sest mie oublies
5942 3036 7021 3180 a uoecques morgue sen est coucier ales
5942 3117 6847 3244 c ele nuit ont ꝑdu lors caastes
5955 3176 6893 3312 ⁊ lendemain qnͣt il fu aiourne
5946 3240 6932 3393 s est au matin iules cezars leues
5946 3308 7012 3461 ⁊ brunehaus morgue ⁊ tous li barnes
5946 3397 6927 3537 b runehaus a ses soushais deuises
5955 3461 6983 3609 l i p̾merains de ses soushais fu tes
5925 3516 7025 3677 q̾ en bretaigne fust artus retournes
5955 3609 6821 3749 ⁊ si baron ensi si est trouues
5959 3677 6830 3813 ꝯ les soushais fu dis ⁊ p᷑penses
5963 3741 6944 3889 a du nostre est cesaires demoures
5967 3817 6859 3970 d e brunehaut su ses fix apelles
5152 4229 5428 4484 36d
7059 503 7311 597 CCLXXXX
7226 580 7345 693 290
