8215 5096
4859 692 5487 836 q̾ cius caitis en ara tel loier
4859 794 5538 883 q̾ ia del iour neuerra la uuitier
4855 849 5662 959 p our cou qũesi leuoi seul cheuanc̾
4859 921 5589 1019 a lui tous seul me uorrai asaier
4859 976 5653 1087 m ais aidies moi se iou en ai mest̾r
4859 1027 5755 1138 d ont point u̾s lui not soing de manec̾
4838 1104 5670 1214 d une lance leua gñt cop paier
4821 1172 5670 1282 l e fort escu lifait ronpre ⁊ pe̾c̾
4816 1244 5700 1346 h aubc̾ ot bon ne pot maille empirier
4795 1312 5589 1426 a ncois ꝯuint la lance pecoiier
4795 1371 5623 1494 i udas fu fors ains nẽ g̾pi estrier
4787 1452 5734 1562 a ins le refiert sans point de la tagier
4787 1516 5551 1626 ꝑ mi lescu ⁊ le hãb̾c doublier
4778 1592 5666 1711 l i fait le fer desalanche glachier
4770 1673 5730 1779 e l gros du cuer limait le froit a cier
4765 1749 5568 1847 ꝑ [t]el u̾tu le fait ius trebucier
4761 1804 5772 1919 c ains puis ne pot a nul houme raisnier
4748 1881 5560 1987 i udas le uit a sa mort trauill̾
4748 1940 5810 2076 d ont traist le branc pour son droit cale̾g̾
4753 2017 5730 2140 e nciaus se fiert qͥ ne lorent pas chier
4757 2089 5471 2212 qͥ liueist ces elmes detrenc̾
4748 2157 5623 2284 s es anemis ocire ⁊ mehaignier
4740 2229 5742 2365 l e flour del mont le peust desmongn̾r
4753 2301 5636 2429 c ui il ataint na de mire mestier
4736 2365 5653 2501 t ant en a mort ꝯ ne le set peisier
4736 2437 5653 2569 s i cop font si les autres es maiier
4736 2514 5466 2645 q̾ nia nul si hardi nesi fier
4740 2594 5662 2709 q̾ u̾s lui ost uenir pour lui tõcier
4744 2666 5662 2781 ⁊ si fr̾e font tant lor gent coitier
4744 2726 5768 2845 c astres uiengnẽt garni de tournoiier
4744 2811 5683 2917 e spauillons ont fait le feu fichier
4744 2870 5683 2998 q ñt cil de lost uoient le feu roiier
4770 2964 5683 3070 t raii traii ꝯmenchent ahucier
4782 3036 5704 3142 f uiant sen uont tel .xiiii. millier
4778 3108 5670 3214 qͥ noserent puis astres reparier
4765 3185 5611 3269 ⁊ qñt iudas les uoit esꝑpillier
4761 3235 5717 3363 g rases en rent adieu le droiturier
4893 3320 5615 3422 ñt iudas ot le roi felon ocis
4727 3317 4899 3622 Q
4897 3388 5662 3495 asses dost ot les autres des ꝯfis
4799 3448 5606 3571 a laiue de ses carneus amis
4799 3507 5543 3643 .u᷑. ⁊ plus en iot mors q̃ pris
4808 3579 5645 3720 l i remanans ala fuite sest mis
4825 3652 5645 3792 e s gñs uiniers en ot mlt̾ deperis
4846 3728 5619 3843 a stres se tint iudas o ses noris
4850 3788 5717 3970 g ñs fu lauoirs quil a le iour ꝯquis
5815 539 6681 785 I udas li preus li frans ⁊ li gentis
5836 666 6681 853 t out le douna as gens de son pais
5844 709 6775 925 l i plus poures en fu tous raemplis
5849 811 6634 980 e n son castel est. iudas. ren̾tis
5861 879 6685 1061 d e prisons ot le iour pris .xxui.
5857 934 6736 1133 q̾ quens q̃ dus camirans q̃ martis
5878 1014 6745 1214 m lt̾ ert cascuns tristres ⁊ esbahis
5891 1082 6796 1269 e n chies embras en costes ⁊ en pis
5891 1150 6834 1350 e rent naure mlt̾ ert cascuns aquis
5904 1231 6783 1409 ⁊ mlt̾ doutent le macabeu de pris
5908 1320 6724 1477 qͥ l en core ne lor face a ses pis
5917 1350 6881 1575 i udas li preus o ciaus dont ert chieris
5925 1448 6821 1634 s est des armes en son palais notis
5929 1524 6868 1711 s es pͥsons uoit naures ⁊ malbaillis
5933 1592 6834 1787 s on mire adont aproiiet ⁊ requis
5933 1673 6868 1847 qͥ l les atourt mix quil puet adeuis
5912 1766 6690 1906 ⁊ si fist il uolent̾s non enuis
5908 1834 6800 2000 a pres les fait toucier ẽ rices lis
5925 1915 6770 2068 . I udas. apres au souꝑ est assis
5917 1961 6902 2127 a uoec sa gent ⁊ qñt iours fu fallis
5912 2042 6868 2225 c oucie se sont cascuns en fu hastis
5925 2110 6898 2293 ⁊ len demain qñt iours fu esclartis
5925 2182 6898 2365 d e son castel sen est . iudas. ꝑtis
5929 2284 6711 2433 o ses fr̾es armes ⁊ fernestis
5929 2352 6745 2492 e l camp ala on fu li fereis
5929 2403 6881 2577 a masser fist les mors ꝑ ses son gis
5933 2480 6868 2637 e n .iiii. mõs les ont ars ⁊ bruis
5921 2543 6910 2696 f ors seul le roi qui p̃miers fu fenis
5929 2632 6830 2760 e l castel fu portes mais li escris
5938 2679 6944 2845 d ist que pour chou quil uot est̾e iuis
5946 2768 6758 2900 ẽ lor atre ne fu pas enfonis
5967 2836 6864 2981 m ais ricement fu de hors sepelis
5984 2904 6906 3078 p our chou quil ot este rois posteis
6113 2986 6935 3122 ñt . iudas . ot fait cel roi ent̾rer
5912 3017 6098 3384 Q
6116 3071 6833 3201 escrire fist ses bries ⁊ seeller
5967 3112 6974 3286 p our ses barons auoir ⁊ assambler
5967 3172 7012 3354 t out i uinrent pour son noloir greer
5976 3257 6876 3427 . i udas. li frans lor prist araꝯter
5976 3342 6927 3482 d el roi qui le cui doit des ireter
5989 3414 6906 3575 ⁊ del meschief qͥlli fist endurer
5980 3486 6949 3643 ꝯ ment asis lot sans lui desfier
5972 3550 6949 3707 t ous seus issi ⁊ locist auiouster
5959 3622 6949 3796 ꝯ samors fist sagent des bareter
5972 3694 6974 3860 ꝯ [$$$] demaĩ les mors fist embraser
5959 3754 7029 3962 o r u[$$]l fait il auous tous demãder
5058 4144 5250 4361 30 d
6817 263 7093 390 CCLXXXIIII
7000 343 7174 471 284
