8215 5096
4655 628 5318 777 a mon com̃ant me doit faire iuis
4638 687 5343 836 q uel camp ne fu u. begues. fu ochis
4620 751 5360 904 n onques nel uolt ne sot nel consenti
4613 781 5143 930 d olans en fu q̃ bñ dire loi
4578 852 5369 1036 m ais ce ne puet pas metre en escõdit
4570 883 5296 1108 d e sa uitaille st̃ li glouton nourri
4540 917 5233 1163 ⁊ p᷑ itant en est mesfais sor mi
4511 959 5335 1257 d õner mẽ doit uairs ⁊ gris ⁊ h̾mins
4485 1014 5352 1333 u iautres ⁊ chiens ⁊ ostoirs moustardĩs
4443 1053 5271 1409 c ors ⁊ espix dont il est bñ garnis
4358 1380 5335 1643 ⁊ tout son mueble qñques sor t̾re ẽgist
4383 1490 5177 1711 m ais qͥl ne soit cacies a desheryt
4387 1533 5262 1770 a les sen doit .uii. ans fors del pais
4375 1596 5394 1834 d escaus en langes nus pies ꝯme tapĩs
4366 1694 5271 1881 s e il ne puet demourer ꝑ depri
4392 1766 5262 1966 u se ce non nous serons anemi
4379 1838 5194 2000 a pres ꝑla fromons li posteis
4383 1881 5343 2072 a u duc .Garin. errãment respondi
4379 1953 5356 2114 n es dun seul mot uꝰ ni aues menti
4392 2052 5216 2177 ⁊ iel fesisse certes se me loisist
4397 2112 5386 2242 m ais ne me laissent mi frere ne mi fil
4392 2177 5459 2310 n emes parages ne mes m̾uillous lins
4379 2229 5479 2373 i l nest pas drois nonques nul ior nel ui
4379 2310 5330 2446 q̾ p᷑ mort home deliurast on le uif
4375 2373 5386 2505 s a nos homages uous en uoles tenir
4392 2450 5318 2581 a gnͣs amendes ne poes pas fallir
4379 2514 5449 2641 s e nous pardõnes la mort de .u. caitis
4396 2590 5454 2705 d essi quas pies uous seruirõs tous dis
4396 2658 5420 2777 r espont . Garins . ia dix puis ne mait
4396 2734 5437 2853 q̾ mains en aie que ur̃es bries mẽ dist
4396 2811 5322 2908 ⁊ li bons albes qui la parole ẽdist
4400 2874 5309 2985 r ales uꝰ ent questes uꝰ plus ici
4404 2934 5398 3053 h onte me faites iou ne uꝰ puis ueir
4409 3015 5313 3117 ꝯ duit aues trestous en soies fis
4430 3074 5415 3180 m ais ꝑ la postre que quiẽrẽt pelerin
4421 3142 5233 3248 ⁊ ꝑ la foi que doi le roi pepin
4430 3201 5454 3316 i e uous ferai tous les membres tolir
4427 3269 5483 3393 ⁊ bñ le sachent tout uo plus chier ami
4440 3326 5275 3469 ⁊ uꝰ meismes cui la parole di
4421 3393 5381 3571 t el uous en ont destourbe ⁊ parti
4447 3511 5292 3838 q̾ ie ferai de male mort morir
4485 3575 5428 3911 q nͣt fromons. lot formẽt sen esbahi
4502 3686 5228 3953 ꝑ la cite en est leues li cris
4540 3741 5305 3991 ⁊ loherain st̃ as armes sailli
4562 3775 5428 4102 f romont eussent malement en uai
5578 719 6572 840 q ntͣ li frans dus mlt̃ bñ le deffendi
5560 777 6554 887 f romons . apelle le loherain. Garin.
5551 849 6456 947 e rices dus p᷑ lamour diu merci
5555 913 6609 1019 p rendons .i . iour sil uꝰ uient a plaisir
5543 989 6571 1087 t ant q̃ uignons a la court a paris
5538 1053 6452 1155 u oiant le roi uoiant lemꝑeis
5538 1121 6528 1223 s e uos parages le pooit ꝯsentir
5530 1176 6579 1286 d e nr̃e guerre fust acordance pris
5526 1252 6545 1363 ⁊ iou lotroi certes ce dist Garins
5521 1320 6473 1426 a ces paroles es les uꝰ departis
5526 1384 6609 1494 f romons sen ua arriere en son pais
5534 1460 6579 1567 o re entendes de . Guilliaume. qͥl fist
5534 1524 6613 1643 l a chartre brize ⁊ les qͣriax croissi
5534 1588 6622 1707 c hiax en ieta que fromons i ot mis
5538 1681 6562 1766 a blanchafort les mena li marcis
5551 1728 6609 1843 l i dus . Garins . ne mist mie en oubli
5538 1792 6639 1906 q uerre en uoia le bourguignõ . aubri.
5555 1874 6592 2001 m anda. Gerart. ⁊ la lemant .aurri.
5564 1927 6634 2051 g autier. de non. huon. de cambresis
5568 2000 6579 2119 qͥ de la guerre st̃ tout bñ ahati
5567 2075 6691 2188 q nͣt uenu furent sont iure ⁊ plueui
5567 2137 6623 2259 q uil uengeront la mort de lor ami
5585 2191 6639 2327 a . mes. enuinrent droit a .i. samedi
5572 2263 6600 2399 d escendu st̃ ⁊ puis se sont uesti
5581 2331 6690 2467 e l palais montent tout cil q̃ ie uꝰ di
5577 2395 6724 2531 e ncontre saut . Gerbers . qnͣt il les uit
5585 2467 6558 2607 i l les embrace ⁊ bel les conioi
5598 2526 6698 2679 l iaue demandent au mẽgier st̃ assis
5589 2603 6664 2747 a pres mengier st̃ des tables parti
5604 2695 6714 2819 e n une cambre en est entres.Garins .
5594 2751 6656 2908 c hiax apella quil tint p᷑ ses amis
5589 2819 6613 2972 e ntriax ꝑlerent priuement ichi
5602 2896 6707 3040 s eignour ami li frans dus lor a dit
5598 2955 6639 3108 s aues p᷑ coi ie uous ai mande ci
5589 3037 6725 3173 m ors est dus. begues del castel de belin
5602 3091 6715 3248 c estoit li miudres qui nous aꝑtenist
5606 3151 6800 3329 l a gent. fromont. le nous ont fait morir
5581 3231 6685 3384 e n sa forest pour .i. porc que il prist
5598 3308 6486 3448 p᷑ acorder en est uenus a mi
5589 3359 6690 3520 c is iours failli .i. autre iauons mis
5581 3435 6596 3584 q̾ deuons estre a la court a paris
5585 3507 6588 3652 d euant le roi deuant lempereis
5589 3578 6617 3717 c ouuent lauons li iours i est assis
5585 3613 6668 3792 p our ce uous uoel acointier ⁊ garnir
5589 3711 6578 3858 q̾ iou ne saique il puet auenir
4867 4334 5023 4495 92c
6630 462 6876 645 CCXLU
6817 607 6953 760 245
