8107 5513
7242 206 221 299 CII

4586 280 2252 220 Chi coumenche lestore des loherens. Ensi que .s. [$$]rins q[$]i su peres le dut piẽr [$$]

4600 395 2266 151 qui fu taions au loherent .h̾. chachierent les. sar̃r . apres la uenganche nostre singn᷑.

7252 505 128 101 103

5717 1392 735 151 i aues de uapazianus

5537 1392 207 249 O

5744 1516 913 110 et de son fil le bon uasal titus

5560 1594 1241 110 c om il nengierent ihũ crist de la sus

5570 1686 1176 110 i uis en furent acel iour confondu

5565 1764 1190 119 i amais la perte ne lor sera rendu

5570 1856 1332 128 n entout le monde nen seront mes creu

5720 1941 943 129 ou roy titus segneur aue oi

5510 1966 211 184 D

5721 2012 998 138 et de son pere pazien le gentil

5565 2104 1259 137 e t de helaiune chama tant ihũ cris

5570 2209 1107 115 or uous dirai de leur frere seurin

5570 2283 1126 119 t oute sa uie coument il se ꝯtint

5570 2361 1158 124 ꝑ toutes t̾res cacha les sarrasins

5560 2448 1136 147 q̾ nus nen puet durer encontre li

5556 2540 910 129 p la [$] [li]a ⁊ si[bar]on [a]usi

5556 2600 1374 128 f ont faire auteus moustiers ⁊ cruchefis

5547 2692 1176 119 c on quiert argent ⁊ auoir ⁊ or fin

5557 2784 1272 125 m ais nen retient uaillant .i. paresis

5570 2852 1401 152 a ins doune tout chiaus qui sont auoec li

5570 2940 1245 138 e t qui uoet croire le roy de paradis

5567 3053 1139 98 a uoir li doune ⁊ si le fait francir

5551 3124 1131 137 g arder la terre ⁊ demorer enqui

5551 3211 1089 142 e t qui nel fait sia le chief ꝑti

5565 3289 1351 161 c hil qui dieu nainment il furẽt abaubi

5574 3399 1103 138 e n fuie tournent ꝑ bos ⁊ ꝑ lairis

5570 3473 1263 165 c hiens les en chasse qui est adieu amis

5701 3565 1073 122 eurins cheuauce li preus ⁊ li senes

5539 3590 174 218 S

5711 3656 910 114 ⁊ coustentins ⁊florens ⁊ ydes

5560 3725 1264 161 l i quens iehans qui dou latran est ues

5560 3826 1103 143 e n femiens a[m]brousse ⁊ esmeres

5556 3909 1130 143 p aien les f[ur]ent sarrasin ⁊ escler

5563 3990 1168 141 c hil les enchachent les escus acoles

5570 4070 1332 161 l anches sus fautre les frains abandonnes

5570 4185 1043 110 uu idier leur font ꝑ forte le regne

5579 4245 1264 160 d edens coulongne sunt sarrasin entre

4981 4759 239 202 42 a
