8215 5096
4859 692 628 144 q̾ cius caitis en ara tel loier

4859 794 679 89 q̾ ia del iour neuerra la uuitier

4855 849 807 110 p our cou qũesi leuoi seul cheuanc̾

4859 921 730 98 a lui tous seul me uorrai asaier

4859 976 794 111 m ais aidies moi se iou en ai mest̾r

4859 1027 896 111 d ont point u̾s lui not soing de manec̾

4838 1104 832 110 d une lance leua gñt cop paier

4821 1172 849 110 l e fort escu lifait ronpre ⁊ pe̾c̾

4816 1244 884 102 h aubc̾ ot bon ne pot maille empirier

4795 1312 794 114 a ncois ꝯuint la lance pecoiier

4795 1371 828 123 i udas fu fors ains nẽ g̾pi estrier

4787 1452 947 110 a ins le refiert sans point de la tagier

4787 1516 764 110 ꝑ mi lescu ⁊ le hãb̾c doublier

4778 1592 888 119 l i fait le fer desalanche glachier

4770 1673 960 106 e l gros du cuer limait le froit a cier

4765 1749 803 98 ꝑ [t]el u̾tu le fait ius trebucier

4761 1804 1011 115 c ains puis ne pot a nul houme raisnier

4748 1881 812 106 i udas le uit a sa mort trauill̾

4748 1940 1062 136 d ont traist le branc pour son droit cale̾g̾

4753 2017 977 123 e nciaus se fiert qͥ ne lorent pas chier

4757 2089 714 123 qͥ liueist ces elmes detrenc̾

4748 2157 875 127 s es anemis ocire ⁊ mehaignier

4740 2229 1002 136 l e flour del mont le peust desmongn̾r

4753 2301 883 128 c ui il ataint na de mire mestier

4736 2365 917 136 t ant en a mort ꝯ ne le set peisier

4736 2437 917 132 s i cop font si les autres es maiier

4736 2514 730 131 q̾ nia nul si hardi nesi fier

4740 2594 922 115 q̾ u̾s lui ost uenir pour lui tõcier

4744 2666 918 115 ⁊ si fr̾e font tant lor gent coitier

4744 2726 1024 119 c astres uiengnẽt garni de tournoiier

4744 2811 939 106 e spauillons ont fait le feu fichier

4744 2870 939 128 q ñt cil de lost uoient le feu roiier

4770 2964 913 106 t raii traii ꝯmenchent ahucier

4782 3036 922 106 f uiant sen uont tel .xiiii. millier

4778 3108 892 106 qͥ noserent puis astres reparier

4765 3185 846 84 ⁊ qñt iudas les uoit esꝑpillier

4761 3235 956 128 g rases en rent adieu le droiturier

4893 3320 722 102 ñt iudas ot le roi felon ocis

4727 3317 172 305 Q

4897 3388 765 107 asses dost ot les autres des ꝯfis

4799 3448 807 123 a laiue de ses carneus amis

4799 3507 744 136 .u᷑. ⁊ plus en iot mors q̃ pris

4808 3579 837 141 l i remanans ala fuite sest mis

4825 3652 820 140 e s gñs uiniers en ot mlt̾ deperis

4846 3728 773 115 a stres se tint iudas o ses noris

4850 3788 867 182 g ñs fu lauoirs quil a le iour ꝯquis

5815 539 866 246 I udas li preus li frans ⁊ li gentis

5836 666 845 187 t out le douna as gens de son pais

5844 709 931 216 l i plus poures en fu tous raemplis

5849 811 785 169 e n son castel est. iudas. ren̾tis

5861 879 824 182 d e prisons ot le iour pris .xxui.

5857 934 879 199 q̾ quens q̃ dus camirans q̃ martis

5878 1014 867 200 m lt̾ ert cascuns tristres ⁊ esbahis

5891 1082 905 187 e n chies embras en costes ⁊ en pis

5891 1150 943 200 e rent naure mlt̾ ert cascuns aquis

5904 1231 879 178 ⁊ mlt̾ doutent le macabeu de pris

5908 1320 816 157 qͥ l en core ne lor face a ses pis

5917 1350 964 225 i udas li preus o ciaus dont ert chieris

5925 1448 896 186 s est des armes en son palais notis

5929 1524 939 187 s es pͥsons uoit naures ⁊ malbaillis

5933 1592 901 195 s on mire adont aproiiet ⁊ requis

5933 1673 935 174 qͥ l les atourt mix quil puet adeuis

5912 1766 778 140 ⁊ si fist il uolent̾s non enuis

5908 1834 892 166 a pres les fait toucier ẽ rices lis

5925 1915 845 153 . I udas. apres au souꝑ est assis

5917 1961 985 166 a uoec sa gent ⁊ qñt iours fu fallis

5912 2042 956 183 c oucie se sont cascuns en fu hastis

5925 2110 973 183 ⁊ len demain qñt iours fu esclartis

5925 2182 973 183 d e son castel sen est . iudas. ꝑtis

5929 2284 782 149 o ses fr̾es armes ⁊ fernestis

5929 2352 816 140 e l camp ala on fu li fereis

5929 2403 952 174 a masser fist les mors ꝑ ses son gis

5933 2480 935 157 e n .iiii. mõs les ont ars ⁊ bruis

5921 2543 989 153 f ors seul le roi qui p̃miers fu fenis

5929 2632 901 128 e l castel fu portes mais li escris

5938 2679 1006 166 d ist que pour chou quil uot est̾e iuis

5946 2768 812 132 ẽ lor atre ne fu pas enfonis

5967 2836 897 145 m ais ricement fu de hors sepelis

5984 2904 922 174 p our chou quil ot este rois posteis

6113 2986 822 136 ñt . iudas . ot fait cel roi ent̾rer

5912 3017 186 367 Q

6116 3071 717 130 escrire fist ses bries ⁊ seeller

5967 3112 1007 174 p our ses barons auoir ⁊ assambler

5967 3172 1045 182 t out i uinrent pour son noloir greer

5976 3257 900 170 . i udas. li frans lor prist araꝯter

5976 3342 951 140 d el roi qui le cui doit des ireter

5989 3414 917 161 ⁊ del meschief qͥlli fist endurer

5980 3486 969 157 ꝯ ment asis lot sans lui desfier

5972 3550 977 157 t ous seus issi ⁊ locist auiouster

5959 3622 990 174 ꝯ samors fist sagent des bareter

5972 3694 1002 166 ꝯ [$$$] demaĩ les mors fist embraser

5959 3754 1070 208 o r u[$$]l fait il auous tous demãder

5058 4144 192 217 30 d

6817 263 276 127 CCLXXXIIII

7000 343 174 128 284
