8006 5466
1449 583 2396 778 s arai auchois a Gaudisse p arle
1458 692 2551 860 b iaus nies dist [oedes par le] cors.s̾. omer
1439 778 2301 942 a usi fu ge fors de france getes
1466 871 2311 1002 d ont renoyai sainte crestiente
1454 956 2265 1084 c hi marestai. ⁊ si sui maries
1454 1029 2438 1150 s i ai grant t̾re. ⁊ chastiaus ⁊ cites
1463 1123 2305 1235 d e par ma feme q̃ ie ai espouse
1460 1187 2399 1311 o r uous dirai ꝯment esploiteres
1444 1257 2433 1380 u ous enuenres anuit a mon hostel
1460 1351 2444 1466 d usquademain q̃ solaus iert leues
1457 1415 2469 1542 q ue ie ferai de mes barons mauder
1457 1506 2426 1624 s i uous ferai conduire asauuete
1458 1576 2524 1721 c ar uous aues mout fort pas a passer
1467 1662 2396 1794 s ire dist . h̾. dix uous en sache gre
1439 1740 2396 1876 e rrant irai puis q̃ uous le uoles
1417 1808 2282 1935 q; dist .Ge. uous enrepentires
1417 1890 2465 2017 c e fera mon dist li prouos hondres
1426 1976 2260 2099 h̾ sentorne q̃ ni est arrestes
1426 2045 2401 2172 t ous ses auoirs fu portes a lostel
1426 2118 2437 2268 l i bons hanas ni fu mie oublies
1426 2200 2460 2332 m ais li cors. fu en le maison hondre
1417 2291 2314 2409 d ont il auoit auberon apele
1421 2373 2396 2487 a ueuc son oncle a cele nuit. este
1435 2446 2396 2582 c ar cele nuit ne li pot faire mel
1426 2532 2405 2655 a lendemain qnͣt solaus fu leues
1435 2614 2342 2742 l i enfes .h̾. fu uestus. ⁊ pares
1435 2678 2592 2810 u int a son oncle pour cõgiet demander
1426 2769 2442 2883 b iaus mes dist il encore nen ires
1430 2842 2510 2974 i e ferai ia de mes barons mander
1439 2928 2264 3056 s ire dist .h̾. a ur̃e uolente
1435 3001 2601 3129 l es tables metent. sassisent au disner
1453 3088 2310 3202 q; li traytres a iosfroi apele
1453 3179 2301 3297 .i. chlr̾ qui fu de france nei
1467 3261 2351 3370 q ñt sen parti olui lot amene
1449 3347 2291 3452 q; si li fist renoyer damelde
1449 3425 2246 3543 i l lapela cõ ia oyr porres
1453 3502 2465 3625 i offroi dist il enu̾s moi entendes
1449 3589 2665 3703 e n cele cambre tout maintenant entres
1439 3666 2615 3776 q; si me faites .uii uins homes armer
1449 3757 2665 3867 l e fil mon frere tout maintenant tues
1439 3848 2651 3962 s il uous escape mamour perdue aues
1471 3930 2223 4031 q; cil respont a ur̃e uolente
1480 3990 2665 4122 d roit en la chambre en est ioffrois entres
1444 4094 2538 4195 .uii. uins haubers a la dedens trouues
1458 4163 2437 4295 q nͣt il les uoit si sest. bñ porpenses
2715 619 3514 725 h a: las fait il chetis q̃ deuenres
2709 658 3656 801 c om plus fait ou de gnͣdes maluaistes
2692 728 3549 892 t ant aonplus a rendre adamelde
2702 774 3750 970 c il maus traytres a mout le sens derue
2702 851 3731 1033 c est filz son frere quil ueut faire tuer
2702 933 3695 1125 s euins ses peres me fist ia gnͣt bonte
2702 1024 3540 1211 a .r tournoi ou ie estoie ales
2711 1088 3558 1284 se il ne fust geusse este tues
2724 1156 3690 1357 p uis q̃ li peres me fist tele amiste
2724 1234 3713 1412 i e le doi bñ a son enfant moustrer
2724 1289 3740 1525 d ix me cõfonde se par moi a ia mel
2733 1393 3645 1594 a ins le ferai a ceudon ꝯparer
2724 1425 3827 1680 d ont sentour na u̾s la chartre est ales
2711 1494 3804 1781 o r orres ia ꝯment uaurra ouurer
2876 1712 3924 1870 assent ioffrois qui bñ se pour pensa
2879 1794 3977 1967 uint a la chartre .uii .uins fnͣcois troua
2694 1732 2888 1926 U
2733 1885 3750 2008 s ignor dist il a moi entendes cha
2743 1972 3745 2077 h ui en cest ior ihũs uous aidera
2761 2045 3763 2154 s e cuer aues hui uous deliuerra
2733 2122 3823 2236 q; cil respondent par diu qui tout cria
2729 2209 3914 2309 c hascuns de nous mout gnͣt talent en a
2738 2286 3909 2405 i usqua lamort nus ne uous en faurra
2733 2359 3649 2464 s e de cheens poyemes issir ia
2743 2441 3736 2569 i offrois les ot gnͣt ioie demena
2738 2514 3873 2646 t out mon pense dist il orres uous ia
2733 2596 3722 2701 e n cel palais .i. franc damoisel a
2757 2687 3708 2793 q ui est de fnͣce le pays natural
2770 2755 3873 2878 d roit de bourdele ⁊ seuins leugenra
2760 2854 3902 2951 o eude est ses oncles si dist quil lochirra
2770 2910 3813 3038 m ais se dieu plaist li lerres ifaurra
2769 3015 3778 3106 q; benois soit qui de cuer maidera
2782 3079 3951 3194 u engies uoꝰ bien des maus q̃ fais uous a
2774 3156 3727 3284 o r uerrai ie li quels mix iferra
2788 3234 3745 3379 q; cil ont dit ne uous esmaies ia
2784 3338 3936 3557 c ar tous li pires hui cest ior bons sera
2770 3439 3699 3575 a y del mot trestous les deliura
2779 3521 3836 3671 d e la prison trestous hors les geta
2779 3584 3827 3785 q; en la chambre trestous les emmena
2752 3675 3768 3835 .uii. uins haub̾̾s en .i. mout itroua
2747 3753 3663 3903 i l les apele. ⁊ les arraisona
2775 3856 3811 3974 s ignor dist il ⁊ narrestes uous ia
2772 3929 3808 4060 q ue benois soit qui tost sadoubera
2760 4020 3948 4172 c ascuns daus sar me car mout le desirra
2775 4096 3845 4242 u estent haubers chascuns lelme lacha
2752 4163 3786 4359 q; au coste cascuns le branc chaint a
4766 592 5454 701 e ns upalais iostois les amena
4880 651 5609 756 ibaron furent fer uestu ⁊ arme
4743 619 4906 829 L
4889 724 5600 838 ioifrois les a upalais amenes
4744 792 5430 904 e t huelins ason oncle aparle
4697 838 5467 988 s ire dist il pont dieu demaiste
4670 911 5609 1074 q ant feres uous uobarnage mander
4661 965 5613 1147 u assans dist oedes laissies tout ce ester
4647 1047 5622 1225 p ar mahõmet uous nema partenes
4629 1115 5636 1302 e t bien sachies quant uous mes caperes
4620 1188 5604 1389 d e uos.ii. ex plus bel iour ne uerres
4615 1248 5358 1434 a uois escrie mi chl̾r̾ feres
4593 1311 5486 1539 s il uous escap amort estes liure
4579 1380 5518 1626 h ues lentent mout enfre abosmes
4547 1448 5490 1699 i snellem̃t est sor ses pies leues
4520 1521 5490 1781 s es pee sace qui li pent an coste
4524 1585 5454 1858 m ot nensauoit oedes li deruer
4476 1648 5477 1940 n e sa conpaigne dont illiot asses
4470 1712 5490 2031 f iert ⁊ abat sagen[t] sont autretel
4488 1958 5426 2181 e t li paien salirent de tous les
4488 2058 5472 2250 a hi celmot iest ioifrois entres
4488 2168 5531 2300 m on ioie escrie asanois haute ⁊ cler
4497 2218 5613 2391 f eres baron que diens uꝰ pꝰ st sauuer
4492 2318 5540 2441 s or cele gent conq̃s nepoc amer
4474 2400 5408 2509 e t cil sifont qͥ en ont de sirer
4483 2468 5477 2582 c ez.sar̃rs. detrencent les costes
4479 2537 5631 2673 e t quant uoit odes que ne st̾ pas escler
4501 2623 5559 2760 s acies deuoir ne li uint pas agre
4506 2710 5577 2824 e nfuies tourne que ni est demores
4520 2773 5600 2892 e nune chambre est lipaiens entres
4515 2855 5563 2974 h ues le sint tout qu le brant letre
4515 2928 5508 3038 m ais li traites li est bien escapes
4520 3010 5499 3129 p ar les senestres est salis es fosses
4520 3079 5481 3193 m al soit delui le col na des noue
4497 3161 5522 3288 e t ioifrois est upalais demoures
4511 3229 5518 3361 l es.sarr̃s .ont trestous decaupes
4511 3297 5549 3434 q̾ il nen est uns tous sens escapes
4520 3370 5399 3507 p lus de.cc. engisent es fosses
4506 3461 5600 3584 q ant les uoit odes apoi nest forsenes
4497 3521 5572 3703 e t no francois sont upalais monte
4506 3630 5659 3976 l es huis u̾rellent ⁊ lespons ont leues
4552 3757 5527 4040 e t puis se sont connut ⁊ rauise
4570 3835 5595 4094 g rant ioie mãinent li baron nature
4602 3926 5531 4181 m ais cele ioie tourna apourete
4629 3994 5572 4227 c ar litraites a fait un cor sonner
4647 4081 5477 4372 o u ne nist mie demie liue ale
2584 4770 2930 5022 .IIII.
3100 4685 3185 4785 iiiꝰ
2997 4800 3350 4961 ens et palais
5716 577 6762 692 q uant il en ot .cccc. assambles
5709 643 6791 759 q ui li dema[n]dent Gentis sire caues
5695 710 6762 856 s ignour dist il erralment le sares
5695 788 6844 933 e n mon palais font francois racate
5691 865 6871 1002 t olut lemont par lor Grant cruante
5700 938 6866 1079 f aites moi tost mes engiens amener
5700 1029 6784 1147 e t cil sifont quil nelosent ueer
5700 1097 6866 1238 l es engiens ont encontremont leues
5703 1199 6736 1305 e t le palais abatent de tous les
5714 1252 6725 1398 p uis iont tant ⁊ feru ⁊ iete
5695 1339 6866 1462 c u ne destours font aterre uerser
5697 1415 6900 1533 q uant leuoit hues lisans li est mues
5695 1498 6875 1621 e diens fait il qui en crois fus penes
5691 1571 6875 1694 s erons nous dont chaiens si a trape
5682 1653 6830 1771 b ien nous poons ⁊ prisier ⁊ uanter
5695 1730 6830 1853 q̾ senous sõmes ne pris ne atrape
5686 1799 6830 1944 n ous serons tout pendu ⁊ trai ne
5682 1894 6875 2004 ⁊ dist Geriaumes hue que ne cornes
5700 1958 6889 2099 d u tont entout nous as tu mal mene
5704 2054 6825 2195 i ou nai de coi dist hues en nonde
5700 2140 6825 2268 c ar [$]on laisai mon cor amon ostel
5700 2209 6825 2327 a foit dist il dieus tepuist crauenter
5709 2291 6784 2409 a hi celmot que ie uous ai conte
5723 2386 6844 2487 e uous ou uient libons  p̃uos hondres
5718 2450 6561 2559 u int a odon silena apele
5695 2523 6812 2646 s ire fait il chou est Grans foletes
5718 2596 6812 2733 q uant uopalais ensement abates
5723 2687 6812 2810 f aites le bien sil est uouolentes
5732 2764 6812 2883 a les alui ⁊ se li pour metes
5725 2842 6669 2945 e t se li dites en fine loiaute
5715 2918 6961 3036 q ue sil uous rent uo Grant palais liste
5731 3003 6721 3109 u ous len laires aler asauuete
5723 3056 6857 3197 e t respont oedes preuos car isl les
5727 3152 6812 3288 d ist li preuos tout auouolente
5727 3234 6857 3357 a tant sentourne litraites est remes
5740 3313 6757 3428 e t dist embas que ne fu escoutes
5718 3379 6853 3516 p ar le signour qui encrois fu penes
5723 3470 6675 3589 s e iou letieng il sera traines
5728 3555 6791 3665 e t li preuos ne sest mie oublies
5736 3616 6948 3757 u int au palais tout droit sus les fosses
5743 3722 6733 3832 a haute uois conmencha a crier
5752 3795 6827 3902 e sire hue laisieme anous parler
5745 3867 6926 3999 d ieus dist li enfes qui me uient uisiter
5755 3944 6885 4067 c e suige sire dist li preuos hondres
5776 4011 6897 4160 o stes dist hues pour diu que me dires
4941 4558 5066 4676 25
4938 4688 5126 4870 67d
7243 452 7389 625 321
5622 4709 5996 5147 .IIII.
