7755 5466
1134 624 1991 778 ⁊ oliue sa moullier couronna
1111 701 2155 847 ⁊ tous li peuples desous lui saclina
1098 819 2082 924 ⁊ lendemain si tost quil aiourna
1084 879 2009 992 r ois desiiers en sa t̾re en rala
1079 970 2132 1084 c ar li rois hues ainsi le ꝯmanda
1102 1047 2177 1152 e n arragon ains puis ne retorna
1084 1125 2095 1225 a u roi huon esclarmonde pria
1075 1193 2218 1311 qͥ souhaidast q̃ rois croissans fust la
1075 1279 1936 1389 ⁊ si fu il leus qui le deuisa
1070 1343 2168 1475 ⁊ sa moullier quil a rõme espousa
1084 1434 2118 1548 l i rois hues mlt̾ bien les festia
1084 1516 2118 1639 .i. tel anel .a. roi croissant dõna
1079 1603 2064 1717 q̾ ia nus hons desconfis ne sera
1088 1676 2064 1794 t ant ꝯ lanel en estour portera
1096 1764 2165 1876 .ii. iours illuecq̃s rois hues seiourna
1079 1853 2132 1958 ⁊ au tierch iour dileuc se deseura
1070 1908 2200 2031 l e roi croissant aronme soushaida
1070 1995 2073 2113 ⁊ sa moullier q̃ il pas noublia
1075 2081 2073 2195 p uis prist congie a ide quil ama
1084 2171 2272 2268 p uis dist en haut cascuns bñ lescouta
1079 2236 2109 2345 m oi ⁊ ma gent quãkes i chi en a
1088 2309 2218 2427 ⁊ ma moullier ⁊ tous mes tres decha
1079 2382 2155 2518 a dunostre soushais lues si trouua
1084 2468 2118 2587 e n aragon rois ides demoura
1079 2550 2109 2655 p aisuilement le peule gouu̾na
1070 2632 2146 2751 t ant qͥ ueski toꝰ dis sonnor mõta
1075 2705 2118 2814 l i liures dist q̃ .xl.ans regna
1087 2799 2129 2903 e n sa moullier .iiii. fieus eng̾ra
1087 2884 2123 2988 ⁊ .iii. filles mlt̾ bien les assena
1052 2942 2118 3056 ⁊ en haus lieus ⁊ fors les maria
1047 3029 2114 3138 m ais diaus ici cis liures se taira
1066 3106 2064 3215 d el roi huon auant uꝰ ꝯtera
1202 3185 2147 3291 dunostre iert hues li dieu amiz
987 3192 1221 3370 A
1202 3252 2228 3370 ⁊ sa moullier esclarmõde au cler viz
1072 3355 2095 3455 ⁊ si baron dont il estoit chieriz
1075 3411 2168 3543 f ors iert li lieus ⁊ bñ estoit garniz
1078 3498 2135 3622 a lorgelleus gaiant lauoit iadiz
1057 3571 2045 3689 l i rois hues ꝑbataille conqͥs
1066 3662 2182 3803 l i orgelleus gaiaus q̃ hues ot ochis
1066 3753 2064 3862 .xiii. gaians grans ⁊ fors ⁊ furnis
1070 3835 1995 3940 o t a freres li cuiu̾s maleis
1061 3912 1995 4053 xu pies grans estoit li plꝰ petiz
1047 3994 2123 4122 .i. iour les a lor mere a raison miz
1038 4072 2246 4213 s egnour enfant dist la uielle miautͥz
1038 4158 2036 4354 ꝑ mahonmet souef uꝰau nouri
2321 510 3303 756 l ien puet estre cascuns de uꝰ tous fis
2323 628 3307 810 t ant est mes cuers pꝰ uo frere maris
2328 701 3294 892 q̾ se de uꝰ nest mes gres a complis
2328 774 3303 979 i amais narai ioie bien le uꝰ dis
2332 838 3280 1070 h ues locist ⁊ son chastel ot pris
2360 906 3276 1125 e ncor en est li fel cuiuers saisis
2351 970 3289 1225 s e de uꝰ nest amendes cis despis
2369 1029 3389 1316 n e uous deues prisier .ii. paresis
2360 1088 3430 1393 a les alui plus nen soit pris respis
2364 1234 3203 1443 o uꝰ irai .o. xxx. mil ꝑsis
2364 1175 3512 1557 s ur les cheuaus armes ⁊ feruestis
2369 1348 3380 1648 ⁊ uꝰ ames darmes asses apris
2364 1594 3553 1790 s aues honmes prent ⁊ fors ⁊ hardis
2369 1685 3330 1826 s e uꝰ aues le roi huon assis
2378 1762 3585 1926 p our le sien dieu ne seroit garandis
2373 1826 3631 2013 n e pour tous chiaus qui sont en ꝑadis
2378 1922 3389 2049 q̾ mors ne fust ⁊ a honte fenis
2382 2004 3440 2136 d ient si fil cis acors est pleuis
2378 2077 3485 2209 s or lui irons il est nos emienuz
2373 2163 3553 2286 ⁊ sil est pris riens ni uaura m̾chis
2360 2245 3549 2377 q̾ rant ne soit escorchies trestoꝰ uis
2373 2323 3526 2441 a moukes mis ⁊ puis enfu rostis
2364 2395 3540 2518 p uis iert detrais ⁊ en cendre bruiz
2373 2468 3531 2600 a ces mos ont alor homes tramis
2364 2546 3462 2673 u enu isont de ꝑ tout leur pays
2369 2605 3276 2760 lx mile q̃ ꝑsans carabis
2355 2714 3567 2837 f urent ⁊ plus dont hues iert haiz
2369 2796 3572 2919 d e lui honnir est cascuns a ahatiz
2369 2869 3544 2992 d e dunostre a hues lor mos ois
2369 2960 3353 3060 m alabrun a hucie se li a ris
2373 3024 3494 3156 p uis li a dit malabru̾ ꝑ mo̾ uis
2360 3124 3421 3220 t ame mͨg[$]le le gaiande ⁊ ses fis
2364 3193 3330 3302 ⁊ de lor gent .lx. mil eslis
2360 3252 3572 3379 d ont cascuns est u̾s tuͦi mautalentis
2360 3343 3512 3457 d e hors ces murs u̾ras ains .xv. dis
2360 3425 3440 3543 m alabruns lot toꝰ enfu asoupliz
2364 3502 3376 3621 h ues li dist ne soies esbahis
2364 3575 3553 3721 c ar ne les dous uaillant .ii. paresiz
2360 3684 3421 3785 o nq̃s nul iour ochise ne ueis
2360 3757 3358 3899 t ele ꝯ diaus ferai ꝑmon deu
2355 3757 3549 4135 d ist malabrũs li urais rois ⁊ ihucris
2373 3908 3276 4145 uꝰ en aiut si ꝯ ie sui pensis
2533 4012 3335 4236 s murgale la uielle hirecie
2327 3993 2518 4240 E
2528 4104 3485 4350 si xii .enfant ⁊ lor grans barõme
2341 4176 3444 4436 a lerent tant cun soir deuant ꝯplie
4264 514 5103 674 s ous du nostre prisent herbegerie
4251 592 5021 737 p res de la mer ens une praerie
4223 678 5125 806 t endirent tres gnͣt place iont saisie
4219 737 5107 883 d edens lor ost ot gnͣt buisonnerie
4205 792 5030 951 de du nostre fu bien la noise oie
4187 856 4971 1029 h ues iert opoi de sa maisnie
4159 924 5075 1115 p our ce en est se gens plus esmaie
4141 992 5130 1197 l i iours defaut puis est la nuis fallie
4123 1052 5057 1293 q nͣt laube fu lendemain esclarchie
4091 1115 4993 1352 d ame m᷑gale la uielle mautaillie
4096 1179 4966 1425 s es .xiii. fiex huca ⁊ si lor prie
4055 1238 4989 1544 q̾ du nostre soit diaus toꝰ assallie
4009 1489 5043 1749 n i ait porde tour ne herbegerie
4036 1598 5053 1817 qͥ ꝑ forche diaus ne soit depechie
4032 1680 4861 1867 ⁊ se hues ale char si hardie
4032 1744 4961 1922 qͥ lisse hors aiaus a lescremie
4036 1817 5043 2004 l a bataille ait ace ne faille mie
4041 1917 5043 2072 s e pris iest la teste ait roegnie
4041 1981 5075 2154 n omne nait nul qͥ ne ꝑge la uie
4041 2067 5075 2222 s en gre cascuns de ses fiex liotrie
4041 2136 5203 2309 d ont sont arme gnͣs fu lor ꝯpaingnie
4041 2222 5267 2382 u̾ s du nostre ont tout lor uoie aͥquellie
4046 2323 5203 2455 g rans noise font cascuns huon deffie
4036 2395 5125 2518 a murs estoit esclarmonde apoiie
4046 2477 5235 2605 l es gaians uit plains de foursenerie
4050 2546 5326 2678 ⁊ lor grant gent qui uient toute aramie
4046 2641 5153 2760 d e faire achiaus du castel uilenie
4055 2728 4952 2851 h ue apella en qui ele se fie
4064 2801 5230 2919 l ost li moustra dont ele niert pas lie
4077 2878 4980 3006 h ues li dist ne soies esmarie
4082 2956 5116 3079 c ar foi q̃ doi le fil sainte marie
4087 3033 5230 3152 a ins qui soit nuis ꝯperont lor folie
4214 3129 5021 3243 e fu .i. iour q̃ caus est li estes
4050 3119 4205 3334 C
4228 3206 5239 3320 caus iert li iours ⁊ solans iert leuez
4100 3275 5007 3398 d [$$$] mͨgale ses fieus a apeles
4087 3343 5148 3480 d e du nostre uoit les grans fremetez
4068 3434 5048 3562 ⁊ dist la uielle ce castel masales
4055 3502 5048 3648 i e uuell qͥ soit a t̾re crauentes
4046 3589 5207 3757 d ist moruimaus qͥ iert ses fiex ainnez
4077 3703 5048 4003 ꝑ se tenoit rois estoit couronez
4105 3794 5125 4063 m a dame tant si uꝰ plaist soufferes
4118 3912 4898 4140 q̾ hues soit de ꝑ noꝰ deffies
4137 3953 5270 4199 s e rendre uieut le castel cest mes gres
4164 4031 5212 4272 c a noꝰ ait pais mais qͥ uuelle estre tes
4150 4135 5130 4459 q̾ de lui soit mahonmes aoueres
5604 570 6655 695 u us siens freres qͥ clautrans ert nõmes
5580 646 6442 737 l i dist girai alui se u̾ uoles
5589 713 6579 807 d ist mornimax faites dont si alez
5567 778 6542 892 c lautrãs adont ne si est arrestez
5589 856 6652 974 d roit au pont uint si est outre passez
5574 947 6582 1044 d eles la porte .ii. gaians atrouuez
5561 1008 6652 1135 d e pur keuure forgies ⁊ bien ouures
5564 1084 6625 1211 d e .ii. mͣtiaus dach̾̾ gnͣs ⁊ quarrez
5549 1153 6652 1287 s i sa caupoient de ferir caus morte
5563 1229 6634 1366 a ins hom ne fu tãt fu fiers ni oses
5554 1307 6520 1448 qͥ du ueoir ne fust espauentes
5558 1398 6520 1530 c ar nꝰ ne peust estre s[$$$$$$$$]
5558 1472 6618 1609 q̾ se dun diaus fust .i. caup assenes
5561 1548 6625 1676 q̾ leus ne fust esmiautris ⁊ frouez
5574 1633 6661 1758 c lautrans les uit toꝰ enfu abosmez
5574 1718 6691 1843 p etit sen faut carrier nest retornez
5577 1788 6649 1916 m ais hardemẽt li est ou cuez entres
5572 1858 6656 1990 u ers lun se trait .ii. caus li adõnez
5589 1943 6664 2071 d el pelag si grans ⁊ si desmesurez
5583 2022 6661 2152 q̾ lien des bras li est du cors seurez
5592 2104 6710 2241 p uis le refiert si quẽ liaue est u̾sez
5583 2207 6688 2316 d  edens la mez est li cors effondrez
5577 2272 6597 2400 u oit le clautrãs si en a ris asses
5599 2354 6529 2491 o utre passa q̃ ni est arestes
5586 2426 6667 2562 a u palais uint simõta les degrez
5599 2509 6584 2655 e l palais iert hues li adilrez
5604 2590 6697 2720 ⁊ sa moullier en qͥ manoit biautez
5622 2684 6552 2796 ⁊ auec iaus. uͨ. de lor priuez
5607 2739 6816 2887 c lautrans les uit ꝯ hons dire escaufez
5608 2828 6593 2974 a huon dist fel tͣitres prouuez
5592 2912 6670 3042 o r est li iours aenus q̃ uꝰ morrez
5595 2983 6588 3133 s e ce ne faites q̃ uꝰ dire morrez
5607 3070 6688 3206 o r dites dont dist hues li senez
5601 3149 6691 3297 c lautrãs respõt toꝰ est uo tãs finez
5604 3240 6673 3379 s a mornimaut ce castel ne rendez
5604 3313 6670 3440 ⁊ nostre diu mahõmet naourez
5604 3379 6667 3528 q̾ nient ne uaut urͣe crestiente
5607 3467 6673 3622 n e uostre diex qͥ encrois fu penez
5610 3549 6795 3683 n a de pooir niẽt plꝰ quns ciens mors nez
5613 3644 6615 3780 i a ne seres p᷑son pooir tenses
5604 3716 6488 3853 q̾ ne soies a mͣtyre liures
5618 3794 6670 3930 c ar ꝑ mahon bien deserui lauez
5622 3876 6670 4031 h ues respont cuiuers uꝰimẽtes
5613 3978 6582 4093 a les uꝰ ent a uo frere dires
5610 4035 6703 4257 q̾ ne les dous uaillant. ii. a[ns] eles
4422 4740 4601 4867 106
4501 4852 4726 5001 53e
6611 314 6898 396 CCCC
6719 385 6901 479 400
