7649 5466
1321 1607 2309 1740 ant ceuaucha dinos auec sa gent
1061 1617 1342 1803 T
1052 1753 2259 1881 d ales le bos uit letour noiement
1327 1700 2287 1815 quil achoisi lebos dehurteuent
1041 1834 2263 1970 .iii. banieres fist des ploiier au uent
1043 1903 2250 2045 d e toutes .iii. erent licamp dargẽt
1038 1995 2300 2122 e nlep̃miere auoit .i. noir serpent
1034 2067 2255 2213 e n lautre .ii. ⁊ enlautre ensement
1034 2154 2241 2291 m ais.iii. la biaus iot noirs senlem̃t
1025 2222 2241 2382 d ont apela sa gent courtoisement
1025 2309 2236 2441 b aron dist il ie uous aim loiaument
1025 2391 2268 2528 d emoi tenes tous uos fies ligement
1020 2464 2227 2623 o nq̃s nul iour ne uꝰ fourfis noient
1011 2559 2223 2687 a ins ai chascun creu sontenement
997 2637 2204 2764 h ui menpoes rendre le paiement
993 2705 2218 2846 a uous me pleng deseguin le puslent
988 2778 2209 2928 g odin leroi cuide metre atorment
984 2860 2218 3010 t rop ont par [lui] asouffrir miꝑ ent
984 2937 2209 3106 p ongnons aauscar ien ai gnͣt tolẽt
974 3015 2204 3170 c il li ont dit ceuancies uistement
974 3088 2177 3238 d ont ceu[tra]cẽt tost ⁊ sereement
970 3174 2177 3343 a haute uois crient ꝯmunaument
984 3261 2227 3448 g odin tien toi setours aras bͥement
974 3347 2163 3493 s eg uins lifel les uit p̃mierement
984 3420 2209 3571 [$] renier dist til uienent nicement
979 3489 2223 3657 t rop est dinos plains doutrecuidem̃t
979 3571 2227 3730 p ar hardement son gnͣt damage empnͣt
974 3634 2186 3812 r eniers respont ꝑdieu omnipotent
970 3725 2195 3889 u ous ⁊ uos gens ouures plus nicement
961 3794 2077 3962 a tort aues esmut cetaplement
970 3871 2200 4040 m ais son signor dinos a droit desfent
1193 3990 2205 4120 ant seguins oit renier qͥ si largue
952 3935 1184 4167 Q
1184 4056 2202 4193 tel duel en ot tous li cors litresue
990 4135 2083 4305 m ais alui na plus parole tenue
1166 318 3293 651 ainsi conme dinos ⁊ li gent le roi godin se combaterent a seguin ⁊ asmaitent[$]
2355 510 3202 806 l e cheual point qui sous lui seremue
2355 624 3270 883 e nson pong tint une fort lauee ague
2368 715 3166 956 d eu̾s dinot asauoie a coillue
2368 756 3270 1047 c elui iura qui couurir fait lanue
2382 833 3303 1120 c ui en cest iour li est paine creue
2400 915 3229 1188 o cis sera ⁊ sagens confondue
2405 947 3352 1279 m ais dinos ot auuec lui tele aiue
2409 1006 3398 1334 q ui pont paour niert en cap̃ uaincue
2428 1079 3434 1402 d inos adont tint lalance esmolue
2450 1134 3412 1489 q ant deseguin la posnee aueue
2455 1166 3564 1742 [le cheual point de iouster ses u̾tue]
2458 1557 3367 1749 s eguin asi feru en sauenue
2446 1648 3512 1844 q ue du haub̾t alamaille ronpue
2446 1726 3512 1913 a lanqueton est la lance croissue
2446 1794 3512 1976 m ais des archons alaterre lerne
2437 1885 3512 2036 o utre passa ⁊ trait lespee nue
2428 1963 3539 2122 e t uers seguin est sagent acourne
2433 2034 3554 2192 n emonte lont mais honte areceue
2423 2118 3512 2268 l auint henris ala teste que nue
2414 2204 3448 2341 m out li pesa dela des con neue
2405 2295 3448 2414 q uil a ueu que seguins a aiue
2414 2359 3448 2487 f iert un paien dela dinot issue
2405 2427 3530 2578 q uens u ceruel alespee enbatue
2405 2532 3589 2655 e m mi le camp labat sor lerbe drue
2405 2605 3521 2710 c hus sestendi lame sen est issue
2400 2673 3603 2796 ꝑ lui niert mais la werre maitenue
2414 2778 3594 2892 m ais samors iert ahenri cier uendue
2633 2851 3578 2975 ant henris ot lepaien mort [iete]
2373 2856 2646 3042 O
2610 2924 3589 3042 .i. autre ausi de son branc assene
2405 2994 3563 3127 q uen les paule la durement naure
2391 3070 3430 3193 u oile cados lecuer en ot ire
2382 3165 3539 3270 e n son pong tint .i. fort espiel qͣrre
2387 3234 3553 3347 l e cheual point qͥlicourt a songre
2382 3320 3448 3425 s iroidement ahenri encontre
2396 3404 3469 3513 qͥ li d̃ront le blanc hauberc safre
2382 3457 3507 3607 m out durement leuaura ucoste
2387 3539 3489 3657 o u welle ou non a tere laporte
2405 3616 3393 3744 s i .iiii. fil celepart sont ale
2414 3689 3475 3830 p ar force lont uceual remonte
2396 3744 3548 3912 h ors de lestour lont conduit ⁊ mene
2423 3876 3473 4272 i lluec li ont le coste bien bende
2409 3967 3471 4363 q nͣt tres bien lont loiiet ⁊ atorne
2396 4040 3434 4445 a un uassal ont dit ⁊ con mande
2355 4104 3334 4477 c au plasseis les maint asauuete
2355 4181 3266 4559 e t chus si fist ne lapas refuse
4104 605 4946 770 a donques aguis lecheual hurte
4104 683 4892 842 .i. espiel tint quadot aresgarde
4077 829 5006 997 e glons dist il mout maues escaufe
4104 765 5006 915 u ers lui senuait nelapas redoute
4077 915 5006 1070 p our monpere henri le uielbarbe
4077 970 5006 1147 c ui uous aues lecoste en tame
4059 1033 5006 1225 d ont fiert quadot par s[ir]uiste fierte
4045 1120 4851 1289 q̾ sonhaub̾c lia tout des pane
4027 1188 5029 1375 u gros ducier li met lacier tempre
4004 1225 5065 1489 s iques ucamp latout mort crauente
4241 1430 4961 1594 [i]er hautement escrie
3881 1453 4173 1703 p uis auin
4063 1562 4223 1712 ant br
4277 1530 5065 1658 ustans uoit q̃cados fuocis
4100 1653 4218 1781 il ⁊ h
4277 1618 5036 1746 [$]uns ont les espius saisis
3931 1631 4109 1817 Q
3936 1726 4182 1935 p uis on[t]
4214 1662 5102 1853 b[ro]ciet les bons cheuaus depͥs
3967 1758 5029 1963 [s] ut leur [cascu]s ont leur espuis assis
3986 1844 5029 2017 ꝑ chies les ont mais les haub̾s treslis
3986 1926 5006 2095 n ont empire uaillant .ii. paresis
3986 1981 5116 2177 l eurs espuis ont tout en .ii. tr̃ochõs mis
3981 2077 5052 2250 p uis ont sakies les brans dat̃ forbis
3971 2163 5052 2332 h akins fu fiers ⁊ brustans fu hardis
3981 2241 4911 2400 ⁊ de cadot uengier fu tollentis
3972 2304 5084 2468 u ers hakin uient cruelment lareqͥs
3985 2414 5139 2547 m ais hakins point pour lui ne sest gũecis
3977 2487 4983 2614 u igrensement fu de lui recuellis
3973 2559 5143 2705 m ais brustans ert plus fors ⁊ plus furnis
3981 2646 5015 2787 d esonbranc fu hakins siconsiuis
3995 2733 5015 2858 q̾ de ce caup fu forment estourdis
3977 2801 5015 2933 l elme ot ronpu ⁊ naures fu eluis
3990 2887 4947 3010 p oi enfalli quil ne fu malbaillis
4004 2965 4947 3106 i ali uenist ie croi demal empis
4009 3045 5124 3173 q ant ausecours li uint harpins ⁊ guis
4009 3133 5063 3234 r ogiers ⁊ Guis brũs ⁊ bos ⁊bandris
4009 3202 5070 3316 e nlor compaigne orent delor amis
4022 3284 5038 3411 [b] ien essiant plus de . lx . ⁊ . dis .
4021 3376 5155 3486 d autre ꝑt uint dinos mlt̾ bien garnis
4018 3443 4961 3571 o lui auoit de ses gens . xxxui .
4009 3511 4961 3648 l a ueissies un mortel pongneis
4009 3584 5038 3725 m ais adinot ert li ius mal partis
3997 3662 5115 3823 ⁊ non pourquant ne sen est pas fins
4036 3757 5111 4040 a u branc dacier rechoit ses anemis
4063 3844 4920 4113 i ane fiura ce dist enson pais
4081 3912 5166 4199 a ins soustenra sonnour silpuet doudis
4259 4008 5061 4213 harderent les loriere dubos
4278 4072 5211 4290 en mi lestour gisoit tous mors cados
4105 4113 4296 4313 A
4143 4145 5157 4400 p lus que nus hons enfu dolans di nos
5280 607 5635 728 f rere dist [il]
5708 587 6318 729 [$$] . [is$$]sties li est[e]s
5293 692 5644 819 detout
5676 687 6455 815 ont de[o]ien car bñ dire os
5297 771 6464 901 con[$]ues [d]euous nissi nus uilains mos
5293 838 6459 961 q ant uous ꝑdons trop auaisse noslos
5280 924 6459 1038 s ages larges dous ⁊ debon pourpos
5309 1002 6436 1126 k est deuenus chis no[b]les[ier]s mignos
5284 1065 6432 1207 d euous ue[ir] estoi[t] uns drois repos
5303 1156 6561 1278 o r uous uoi mort dont iai lecuer mlt̾ gros
5289 1225 6432 1361 l as pour coi est cis haubers sides clos
5307 1302 6487 1457 d ont uostre sanc uoi issir par ruissos
5316 1375 6569 1544 t rop me fait mal qnͣt ien regart les flos
5316 1471 6478 1607 f oitier u camp sifaige mlt̾ que sos
5319 1560 6582 1697 q uant neme garc car chi me uoi caclos
5307 1630 6546 1767 d eces tui u̾s chi uient seguins ⁊ bos
5307 1703 6519 1853 ⁊ leur parent formt̃ grieuẽt les nos
5311 1785 6587 1940 a ins diaus uengier grainde uolente nos
5325 1872 6537 2008 f aire nel puis car trop est gnͣs cis hos
5330 1949 6396 2077 o r lor ait iupiter ⁊ margos
5337 2025 6585 2171 c hi uoi pongnant hermer tꝰ les galos
5343 2099 6510 2250 d inot choisi qui des siens ert enclos
5339 2190 6459 2341 d un fort espiel lena ura mlt̾ u dos
5339 2277 6323 2405 e t dinos sili lancha .ii. estos
5343 2341 6459 2482 q uen la cuisse li rompi lemaistre os
5352 2423 6359 2569 h ermers cai car tous fu edios
5352 2491 6432 2646 t out son uiuant ala puissedi clos
5357 2587 6560 2742 g lons dist dinos ne uous pris .ii. ciuos
5375 2678 6441 2814 c rueusement est paiies uos esquos
5598 2760 6459 2887 uant hermersfu alaterre queus
5361 2785 5595 2978 Q
5612 2824 6628 2974 pour .iii. mars dor ne sen fust le uessus
5385 2918 6424 3048 d inos lipreus Sur lui est arestus
5373 3003 6348 3124 m ien essiant asa fin fust uenus
5376 3079 6357 3212 n e fust seguins quila est acourus
5362 3156 6414 3306 i l et lisien aleurs brans esmolus
5380 3224 6505 3379 f isent dinot par force traire ensus
5385 3325 6528 3446 m augres paiens fu hermers secourus
5384 3388 6500 3543 ⁊ remontes mais mlt̾ est es perdus
5389 3475 6500 3616 p our les .ii. caus quen lacuisse ot eus
5389 3552 6500 3707 p lus cost quil pot est de lestour issus
5407 3630 6500 3785 c ar nepooit lestour endurer plus
5407 3707 6500 3858 p ar le consel seguin qui ert ses drus
5421 3794 6469 3921 a uoecques .ui. escuiers fer uestus
5407 3876 6336 4003 a u plasseis sen ua tous irascus
5416 3949 6478 4081 e t seguins sest enlestour referus
5416 4035 6464 4158 c on chlr̾s hardis sest maintenus
5416 4117 6505 4304 .iii. paiens a desonbranc pour fendus
4514 4366 4699 4500 124
4450 4712 4720 4882 72 e
6573 361 6758 513 419
6587 268 6974 437 CCCCXUII[II]
