7568 5466
936 652 2100 783 l a gens Garin si est mont bã prouee
920 747 1886 865 ⁊ la godin ne sest pas effraee
897 829 1991 933 a ins se ꝯtient cõme gens alosee
911 901 2000 1024 c orneus tint upong nue lespee
888 988 2032 1097 f iert .i. uassal delagarin contree
893 1065 1918 1175 u oiant ses iet liatelle donnee
908 1141 2013 1263 q̾ dus ques dens est les pee coulee
902 1211 2027 1334 c hus cai mors car lauie ot finee
901 1311 1983 1409 G arins adont sateste ena iuree
897 1366 2041 1494 q̾ samors iert chierement ꝯparee
901 1460 1958 1566 a la terre au ne lante trouuee
898 1530 2092 1654 r oide ⁊ trenchant mãitenant la ꝯbͤe
905 1630 2101 1740 u ers corneu point degrant rã donee
888 1689 1981 1822 t el cop le fiert delalance aceree
893 1781 1927 1894 q̾ duhaub̾c alamaille faussee
870 1862 1927 1972 l es le coste lia la char nauree
874 1926 2027 2058 i llueques est la lance tronconee
883 2022 2091 2127 q ant corneus sent sachar entamee
883 2098 2086 2228 d eson sanc uoit laterre ensanglẽtee
865 2186 2082 2295 l echeual point sang plus dedemoree
861 2268 2050 2395 a ins que Garins ait saresne tiree
865 2350 2004 2459 d e son destrier ala cuisse coupee
856 2432 2109 2550 l a kiet Garins qui ait corte duree
865 2514 2000 2619 i a fust alui lacose mal tournee
846 2587 2082 2701 n e fust .Roh̾. qui de gent bñ armee
879 2664 2082 2792 a mainne .i . c. la bataille ont doublee
1066 2760 2082 2869 nlestour uint .Roh̾. li orguilleus
868 2754 1070 2965 E
1098 2837 2027 2937 o .c. uassaus u̾s godin aireus
879 2910 1931 3024 a donques fu liestours ꝑilleus
870 2983 2045 3101 b ien secontient corneus ꝯmepreus
886 3079 2034 3200 u̾s Garin uiẽt ꝯme hons ceuallereus
865 3147 2036 3256 o lui pinel qui mont ert coragens
856 3224 1945 3347 l a fu Garins fi menes de ces deus
874 3316 1899 3434 q̾ nesepot releuer nestre teus
886 3404 2101 3516 q uil par last mot tant par fu ãguisex
879 3480 1986 3584 i a fust alm trop mal saus li cateus
870 3548 1963 3684 n e fust rohars licuiu̾s des piteus
879 3644 1963 3753 qˡ achoisi Garin aterre entre eus
897 3716 2068 3830 c elepart uient ansi ques ragies leus
883 3803 1950 3912 o lui ot .xx. deses amis carneus
888 3876 2009 3985 p᷑ son frere Garin fu mont honteus
870 3949 2036 4081 f iert .i. paien tant fu licaus crueus
892 4047 1928 4138 q̾ rauestu la dune mort coreus
888 4108 2109 4236 p uis trait le branc dont dor estoit lihens
876 4198 2035 4354 f iert ⁊ refiert conuassans natureus
2259 564 3285 769 p ar forche fu Garins illuec reskeus
2264 660 3271 883 ⁊ remontes Sor undestrier uigreus
2269 724 3376 933 m ais mont estoit des Grans caus dolereus
2278 797 3221 1020 a dont refu li estours meruilleus
3249 877 3374 980 ortens
2287 870 3225 1088 d ambedeus pars sedonnent caus m
3180 947 3321 1052 [$]eus
2282 961 3139 1161 m ais de sor tous fu . roh̾. uert
2319 1065 3353 1266 .iii. enamors mais il ne f [i]ert pas seus
2332 1061 3453 1325 c ar tꝰ les siens uoit de [f]erir songneus
2310 1143 3426 1430 u ers corneu nest pas partis li geus
2319 1357 3362 1535 a pinel dist con chl̾rs uoisseus
2310 1475 3512 1621 r etraions nous u̾s le bos cest nos preus
2542 1553 3503 1694 es hurteuent fu grande latenchons
2246 1444 2492 1767 L
2560 1630 3503 1758 dist corneus pinel queleferons
2300 1708 3440 1840 b on est que uers le bos retraions
2305 1794 3362 1913 d amages ert se godin iperdons
2300 1862 3531 1990 p iniaus respont quel part letrouerons
2296 1949 3449 2077 i l mest auis ques caper ne poons
2291 2031 3435 2140 c ar des cuiu̾s est telle la foisons
2300 2108 3398 2227 q̾ sans anui de chi ne partirons
2291 2177 3398 2318 d ist corneus ũs le bos nꝰ metons
2291 2272 3412 2391 l auoi Godin ⁊ ses .ii. conpaignons
2291 2364 3503 2455 a us ⁊ leur gent illuec trouer porrons
2287 2432 3471 2532 ⁊ nous ichi trop poi degent a uons
2300 2505 3481 2614 p our lauenir un petit nous penons
2296 2573 3485 2696 a s brans dacier la presse d̾ronpons
2300 2664 3490 2792 a nopooir ensanble nous metons
2310 2742 3526 2865 s acies deuoir queplus fort enserons
2310 2824 3512 2951 a donques ont asambles lor barons
2310 2883 3540 3029 n erent que . dis. mais ceuaus orent bõs
2310 2983 3494 3097 u ers Godin uont brocant aes porons
2311 3054 3528 3173 q ant uinrent la corneus li frans hons
2278 3133 3503 3279 a Godin dist ꝯment nous maintenrons
2278 3211 3453 3338 u ees les gens que seguins asemons
2273 3297 3389 3425 c arcies en est ⁊ li uaus ⁊ li mons
2273 3357 3440 3511 a Grant mescief aaus nꝰ conbatrons
2287 3448 3403 3598 i rons nꝰ ent unꝰ chi demourons
2273 3521 3440 3694 G odins respont nous les atenderons
2278 3612 3421 3748 a s brans dacier q̃rons nos garisons
2296 3675 3503 3853 i aimme trop mieus q̃ nons ichi morons
2320 3762 3498 3899 q̾ nous pour aus hui cest cãp chi widons
2300 3826 3435 3985 d ist corneus ot nous ait mahons
2554 3974 3553 4187 odins entrues que corneus parloit
2317 3961 2552 4172 G
2301 4148 3392 4305 a uoeques lui .c. uassaus amenoit
2565 4067 3540 4258 choisist. Reñ .qui lemont aualoit
2273 4199 3348 4436 l es loriere dub os les conduisoit
4169 601 4975 747 e ncostiant lestour car uir uolloit
4151 698 4986 819 c onfaitement Godins se contenroit
4115 759 4983 901 e ndementiers quil lestour regardoit
4133 832 5013 983 G arin choisi qui mont naures estoit
4108 917 4816 1029 .iiii. plaies Grandes u cors auoit
4090 974 4953 1126 li sans uermans de chasꝯne raioit
4041 1033 4893 1197 m out aigrem̃t ason mie disoit
4018 1088 4961 1302 q illes loiast car latrop demouroit
4026 1172 4807 1354 ⁊ li mies des armer lefaisoit
3986 1238 4929 1453 r oh̾. entrues ses freres le gardoit
3963 1316 5002 1553 s i bien que nus aprocier nel pooit
3917 1518 4913 1718 e t li mies ses plaies li loi ioit
3945 1607 4952 1794 e t seli dist que tous aseurs soit
3941 1680 4952 1849 q il na demort Garde ꝯm̃t qil uoist
3927 1767 5066 1922 d ont serarma Godins qui les mosoit
3959 1844 5066 2004 e t est montes puis prent .i. espiel roit
3954 1917 4984 2077 d ont durem̃t lalemelle trenchoit
3945 1990 5066 2163 c elui iura qui haut maint ⁊ lõc uoit
3950 2090 4857 2227 q ue corneus ara son cors destroit
3954 2154 5016 2309 l e cheual point qui likeurt tost ⁊droit
3954 2250 5016 2391 f iert un paien qui les siens dama ioit
3945 2318 4957 2455 u gros ducuer limet lacier tout froit
3932 2405 4870 2528 t enir lefait alaterre tont cort
3932 2491 4957 2619 .n eñ . aris quant le caup aperchoit
3932 2564 4970 2701 a ses homes a dit signour par droit
3936 2646 4920 2787 qˡ tel frere amlt̾ honerer le doit
4111 2739 5095 2839 es hurteuent fugrande labataille
4115 2793 5229 2921 degentius gens onques nient pietaille
3939 2753 4115 2933 L
3982 2874 5043 3006 G odins li rois maint ruiste cop ibaille
3982 2969 5125 3083 a ubranc dat̾ derront mãite uentaille
3991 3038 5125 3161 n e croi que nus u camp mieus delui uaille
3977 3120 5039 3252 o s ⁊ braons aubranc dacier lortaille
3984 3212 5013 3319 c ui il ataint mestier na de uitaille
3982 3284 5180 3407 c ar pooir na que hors ducamp senaile
3982 3366 5180 3470 b ien uoit .Roh̾. quil sa gent mlt̾ trauaille
4000 3434 5212 3562 m ais samblant fait que mlt̾ petit lencaille
3991 3511 4970 3634 n elaira pas cacel caup ne la saille
3986 3584 4920 3730 a u grain ira silaissera la paille
3977 3639 5002 3826 .i. espiel prist de iouster saparaille
3995 3753 5103 4022 l e[s] [$$]ual point na pas tollent qil faille
4014 3853 5011 4076 l escut liront ⁊ le hauberc desmaille
4023 3935 4943 4149 l es le coste un petit le quataille
4063 4029 4959 4199 s ique lecuir enriflant li estaille
4084 4102 5068 4278 m ais Godins naGarde que sans ensaille
4084 4187 4953 4372 e ns uhaub̾c salance sentortaille
5308 583 6469 767 i llue cques ront car fors estoit lamaille
5312 733 6337 842 d ont sescria uoiant labaron naille
5285 792 6415 929 R oh̾. enhaut tout imores merdaille
5285 879 6360 1002 G odins respont de uostre des fiaille
5285 961 6406 1093 ꝑ mahonmet ne donroie une quaille
5276 1029 6406 1161 t oute faura lauostre adauinnaille
5280 1093 6520 1229 g ardes uous bien ⁊ li uostre kienaille
5276 1161 6606 1311 c ar diaus u̾rres espandre mainte antraille
5280 1270 6424 1384 d ont fiert Godins .i. uassal siataille
5276 1334 6383 1462 q̾ liceruians auec le sanc li quaille
5276 1421 6397 1535 c his quai ius qui alamort baaille
5508 1494 6596 1618 ant sorbrins uoit Godin sibñ aidier
5290 1527 5517 1726 Q
5512 1576 6596 1691 sacies deuoir que form̃t len ot chier
5280 1648 6319 1794 d ont ãuoloir desoncors asai ier
5276 1740 6287 1858 d edens lestour choisi un chl̾r
5262 1776 6488 1931 q ui mlt̃ faisoit lor Gent de destourbier
5276 1894 6315 2022 c ousins estoit seguin le losengier
5276 1963 6497 2104 G autiers ot non mout auoit le cuer fier
5276 2054 6456 2172 s orbrins uers lui lait coure le destrier
5271 2145 6337 2268 d une lance liua tel caup paiier
5262 2218 6255 2350 q ue son escu liafait pechoiier
5271 2277 6456 2414 e t le haub̾c desronpre ⁊ des maillier
5280 2368 6351 2487 p armi le cors li fait passer la cier
5289 2455 6456 2587 p ar tel uertu le fait ius trebuscier
5289 2532 6360 2651 c ains puissedi nesepot redrecier
5289 2591 6392 2737 l ame de lui emportent auresier
5298 2696 6356 2814 s orbrins rociel apris aescriier
5285 2760 6428 2887 f eres baron penses de uous uengier
5298 2851 6474 2974 n e deues pas ces gloutons resongnier
5294 2915 6456 3065 q ant. Ren̾. oit sorbrin ensi raisnier
5298 3006 6433 3124 ⁊ abatre li uit tout mort gautier
5298 3074 6460 3224 t el duel en ot uiscuͥda erragier
5298 3161 6442 3288 e nlestour uint plus ne siuaut targ̾
5312 3229 6460 3375 l e destrier fait uers Godin a drecier
5303 3316 6488 3448 t el li donna qant uint ala procier
5330 3393 6492 3539 q uilli ronpi sonfort haub̾c doublier
5303 3475 6428 3612 l es les costes li fait le fer glachier
5308 3543 6479 3707 s iquil en fait le uermail sanc rai ier
5303 3630 6542 3766 l alance ront qant uint alarchoiier
5298 3698 6602 3858 s e che ne fust bien uous os tesmongnier
5317 3798 6424 3908 i amais Godin neust mires mestier
5572 3865 6666 3999 ant abiaus uoit lenfant godin naure
5312 3896 5566 4088 Q
5576 3958 6574 4090 uers. Ren̾. uient ne lapas redoute
5330 4026 6542 4181 l espee tint qui ietoit gntͣ clarte
5335 4122 6378 4281 s us son elme tel cop lia donne
4637 4357 4856 4545 122
4452 4703 4558 4852 70
4546 4743 4670 4895 e
6672 322 7033 426 CCCCXUII
6838 440 6983 587 417
