8006 5466
1524 576 2560 701 e n tel maniere que puisse retorner
1512 674 2310 774 a u roi k̶. paier. ⁊ acorder
1499 737 2483 860 d ont se drecha. ⁊ a baisiet lautel
1485 819 2542 933 s offrande fist. ⁊ puis sen est tornes
1458 892 2474 997 t out li baron refisent autretel
1458 974 2273 1065 q; huelins les en a apeles
1462 1043 2378 1156 s ignor dist il or en p[o]es aler
1458 1120 2551 1234 q; cil respondent por n[o]iẽt en parles
1449 1197 2551 1307 q ue riens ni a par diu du retorner
1458 1270 2533 1384 o uous irons dist cascũs sans douter
1453 1352 2533 1466 q; passerons por uous la rouge mer
1463 1439 2590 1548 n e uous faurrons por les m̃bres colꝑ
1458 1512 2588 1626 s igneur dist . h̾. dix uous en sace gre
1449 1580 2410 1703 q; Garins a ses sergans apeles
1453 1658 2465 1785 q uil amena o lui por gouurener
1439 1726 2478 1849 s igneur dist il arr̾ uous en ires
1449 1822 2542 1944 e t ma moullier uous me salueres
1458 1890 2337 2008 q; se li dites q̃ ie sui en santes
1449 1967 2369 2095 e t q̃ men uois aueuc ħ. le ber
1444 2049 2369 2168 q; cil respondent a ur̃e uolente
1439 2127 2606 2241 a rr̃ retornent en lor nef sont entre
1435 2200 2638 2323 d roit u̾s brandis ont lor chemĩ torne
1449 2282 2433 2391 & huelins est el cheual montes
1458 2359 2433 2477 i l et si home se sont achemine
1458 2436 2556 2569 d es or en uont deuers la rouge mer
1439 2509 2506 2641 s auuages t̾res trouerent il asses
1430 2587 2492 2710 p ar femenie sen est outre passes
1439 2673 2492 2796 c est une t̾re. ou mout a pouretes
1442 2763 2520 2878 s olaus ni luist feme ni puet port̾
1453 2819 2638 2960 c hiens ni abaye. nẽ cos ni puet cant̾
1453 2919 2428 3038 e n cele t̾re na gaires demoure
1444 2974 2456 3106 q ñt el pais des naĩs en est ales
1451 3076 2618 3179 c est une gent qui ne goustent de ble
1448 3158 2621 3243 m ais la char crue cõme gaignon derue
1439 3211 2465 3325 t out a des gisent au ueut. ⁊ alore
1439 3293 2542 3393 p lus sont uelu q̃ uiautre ne sengler
1449 3379 2506 3489 l i uassaus .h̾. les a mout redoutes
1449 3448 2656 3557 p our niẽt les criẽt car il ne fõt nul mel
1449 3521 2560 3644 p lus tost quil pot sen est outre passes
1449 3603 2465 3721 c ar mout desirre q̃ il soit escapes
1449 3680 2456 3798 p ar mi la t̾re de fois en est ales
1457 3771 2466 3871 t ant iest gnͣde. ⁊ fois.⁊ loiautes
1460 3844 2736 3947 q uen cendaus cuisent lor gastiaus buletes
1467 3921 2556 4044 l a uoit on bñ qui a gnͣt maluaistes
1453 3994 2601 4145 q ui p̾miers uent ens el pais ses bles
1567 350 3599 601 ensi conuies hues sen aloit en babiloinne ⁊ cõmẽt il sa coĩta de ieranme qͥ estoit
1622 542 1941 642 hermites
2697 514 3453 706 s ien puet p̾ndre tout [$$ $$] [sa] uolente
2702 569 3412 778 q ue ia par home ne li ert deu[ee]
2706 619 3408 856 & sen ya a si tres grant plente
2711 646 3622 947 q ue nel querroit nus homs de mere neis
2715 737 3458 1011 s il nel ueoit cest fine uerites
2743 774 3526 1097 e n cel pais na gaires demore
2756 833 3558 1170 c ar faire ueut ce quil a en pense
2738 906 3540 1261 o utre sen passe .h̾. li a dures
2751 1196 3744 1393 t out ont mengie ce quil orent porte
2751 1296 3678 1436 e n xu. iors ne sorent tant aler
2745 1363 3611 1494 q nͣt ce pais orent tout adosse
2752 1425 3818 1566 e n lor chemin ne trueuent pain ne ble
2743 1507 3654 1630 d ont on peust .i. enfant soeler
2747 1580 3704 1694 d ix ce dist .h̾. com chi a mal regne
2733 1653 3795 1771 q nͣt ou ni trueue tant ne qnͣt a disner
2738 1735 3731 1849 a hi: rois .k̶. cõ maues mal mene
2738 1812 3818 1944 d ix uous pardoinst ice q̃ fait [maues]
2733 1885 3823 2017 d ont ꝯmencha huelins a plourer
2738 1967 3731 2077 m ais si baron lont mlt̾ recõforte
2743 2036 3864 2177 t ant ont ensamble cheuauchie. ⁊ erre
2745 2122 3835 2231 q uen .i. boscage ont .i. home trouue
2751 2207 3963 2313 l e barbe ot longue dusquau nen dubaudre
2733 2272 3740 2391 t int une haue ⁊ fist mout le lasse
2742 2353 3878 2456 m out se penoit des maus pas amender
2857 3384 3818 3571 I enfes hues perchoit le peneant
2852 3434 3895 3639 m out le resgarde. ⁊ se uait m̾uillant
2738 3445 2879 3666 L
2791 3525 3887 3710 o u uois ses homes si les uait apelant
2779 3616 3823 3807 b aron dist il pour diu le roi amant
2770 3744 3823 3949 u oies q̃l home com a le poil ferrant
2770 3830 3704 3994 n e sai sil est en damediu creant
2770 3926 3713 4081 & nõ pour qnͣt ie lirai araisnant
2774 4012 3750 4213 l i enfes hues en est passes auant.
4766 502 5568 695 s i le salue de diu le tout puissant
4757 551 5631 774 p reudons cil dix qui espandi son sauc
4738 624 5559 842 p [or] pecheors le iour uenredi grant
4729 683 5513 929 u ous soit au cors. ⁊ a lame garans
4725 737 5463 992 [q nͣt cil loi si ua] tout ius metant
4627 938 5527 1070 e nu̾s huon en est uenus [cu]rant
4624 1061 5408 1229 a hautes uois se ua il escriant
4643 1020 5408 1161 & par le iambe le saisi erramũit
4615 1129 5536 1330 d amoisiaus sire i cil uous soit aidans
4588 1243 5572 1494 e n cest pais ai meis plus de xxx ans.
4611 1179 5536 1412 q ui de la uierge nasqui en bethleem
4583 1311 5659 1607 p uis ne ui home qui de diu fust parlans
4880 1535 5568 1671 [o]us. ⁊ quales ci querant
4893 1644 5426 1749 []s ce dist li peneans
4465 1607 4793 1817 d ont estes u
4488 1708 4816 1876 p ar diu am[]
4848 1712 5682 1840 pitie qñt uous uoi esgardant
4501 1767 4839 1981 i ai grai[nt]
4825 1799 5586 1913 nc home q̃ ales resamblant
4506 1862 4820 1995 p or.i. fra
4848 1881 5486 1999 nõ de bordele la grant.
4501 1944 4825 2063 s euins ot
4843 1949 5440 2067 . pour diu omĩpotent
4515 2013 4811 2131 u̾ respont h̾
4515 2077 4816 2181 e t car me
4830 2036 5595 2149 dites ue males pas celant
4511 2136 4802 2241 d e quel t̾
4807 2099 5499 2218 [r]e estes.⁊ de cõfaite gent
4515 2209 4738 2318 p ar di[u]
4757 2190 5595 2300 dist il uous parles por noĩet
4520 2272 5581 2395 l e ur̃[e] affaire me dires tout auant
4515 2341 4556 2468 s
4634 2345 5422 2459 [ir]e dist .h̾. iel dirai uoirem̃t
4506 2423 5650 2537 a dont descent du bon cheual courant
4520 2487 5454 2619 & si le uait as arbres atachant
4533 2582 5595 2696 a dont li conte com lui iert ꝯuenant
4524 2660 5499 2773 o r mescoutes a uous irai parlant
4520 2728 5499 2855 s e il uous plaist ia nel lirai celant
4524 2814 5581 2942 p our uoir fui neis a bordele le grant
4523 2901 5604 3015 f uis fur seuin qui le cors ot uaillant
4520 2978 5695 3115 d ont uous parlastes ore au ꝯmencem̃t
4529 3047 5495 3193 s [i] mayt dix li peres rois amans
4515 3129 5695 3270 n e uous ment pas de ce q̃ uois contant
4520 3206 5718 3352 l i ꝓudons lot du cuer uait souspirant
4515 3270 5695 3448 t ous cois se teut ne uait .i. mot sõnant
4515 3343 5363 3511 c ar il atent q̃ il li die auant
4511 3420 5472 3593 s ires dist .h̾. par diu omĩpotent
4497 3502 5695 3716 m ors est [m]es peres dõt iai le cuer dolant
4524 3634 5618 3976 c ar sil fust uis si me soit diex aidant
4547 3753 5554 4053 n eusse pas ie cuit tant de torment
4570 3830 5627 4117 s e diex nen pense il nura malement
4615 3912 5577 4190 p ar .i. traytre q̃ li cors du crauent
4638 4022 5390 4263 s ire por diu dist .h̾. li frans
4647 4072 5622 4327 n ous remansimes orfenin.⁊enfant
4668 4169 5712 4415 a ueuc no mere quiot le cuer uaillant
2519 4773 2720 5005 I[I]
2765 4787 2948 4996 [I]I.
3098 4796 3385 4996 si le salue
5777 491 6784 719 i e . ⁊ mes freres q̃ ie par ãmie tant
5755 683 6862 797 n alasme mie a court trestout errant.
5736 751 6698 874 p our releuer nr̃e terre le grant
5745 833 6926 951 a ins furent certes passe plus de uii ans
5755 911 6752 1047 n ous eussons perdu no tenement
5741 979 6926 1102 n e fust dus. N̾ay qui le poil ot ferrant
5741 1070 6698 1188 l i preudons lot de la ioie sestent
5741 1152 6780 1270 d ist li preudons est il encor uiuant
5741 1225 6693 1357 i ele ui ia mout iouencel enfant
5736 1293 6953 1430 ꝯ paignon fusmes en men p̾mier iouuẽt
5736 1393 6716 1512 o r oies sire dist huelins li frans
5741 1471 6598 1589 l i emp̃ ou douce fnͣce apent
5736 1539 6839 1671 i l nous manda par sou seel pendant
5736 1621 6780 1758 i a loie a cort entre moi . ⁊ ma gent
5732 1717 6821 1822 q; .i.mien frere qui le cuer a uaillant
5732 1790 6757 1899 d esous .i. pui .en.i. preuerdoiant
5750 1849 6839 1995 l a nous gaitoient traytor ne sai qnͣt
5750 1954 6625 2072 c harlos i fu li filz .k̶. franc
5773 2026 6702 2140 n ous alyons trestout seurem̃t
5759 2067 7026 2222 n e nous doutĩemes dome qui fust uiuant
5759 2186 6839 2304 n e nauyens mesfait ne tant ne qnͣt
5755 2268 6935 2386 a ins nen soi mot par diu le tout poissant
5755 2350 6803 2455 q nͣt nous sali .i. cuiũs souduians
5741 2427 6762 2541 l i fix .k̶. qui iosuenes fu. ⁊ gnͣs
5750 2509 6857 2623 n en ꝯnuch mie si me soit dix aidans
5736 2578 6780 2701 g i enuoiai mõ frere tout deuant
5741 2664 6825 2778 q; por sauoir quil aloit demandant
5764 2742 6757 2860 i e nalai mie de terre longuem̃t.
5750 2792 6948 2942 q nͣt ui men frere ferir par mi le flanc
5745 2892 6825 3029 q; a la terre gesir trestout sanglant
5736 2988 6730 3111 q nͣt ie le ui le cuer en oi dolant
5755 3070 6702 3188 i e trais lespes.⁊ si la lai siuant
5755 3152 6784 3270 q ui roie ie toute ior saru iõuant
5764 3234 6853 3357 i ocis charlot amõ acherin branc
5773 3306 6853 3420 q; puis men uing a paris acourant
5768 3388 6771 3521 l e cors aloient ap̾s moi aportant
5755 3475 6752 3603 l i traytor cui li cors diu crauent
5764 3562 6798 3680 u ns amauris .i. traytres pullens
5759 3653 6639 3780 i cil mala de trayson retant
5764 3739 6885 3858 d e la bataille mapela deuaut frans
5773 3817 6830 3944 i e le conquis a mon acherin bñc
5768 3903 6689 4017 q; le rendi. ⁊ mat.⁊ recreant
5773 3949 6757 4090 p or ce sui ie du pays eslongant.
5786 4017 6944 4186 l irois men cache par son efforcem̃t
5773 4140 6944 4313 e n babylone men uois a cuer dolant .
4889 4609 5130 4841 59 d
5244 4514 5376 4737 17
7179 233 7450 382 CCCXIII
7313 391 7456 504 313
