8006 5587
1381 636 2418 713 a utres auoit li damoisiaus gentilz
1378 689 2282 791 p or ce nel pot ꝯnoistre huelins
1369 758 2226 865 o r escoutes ꝯment il li a dit
1341 819 2482 973 u assaus dist .h. dix uous puist maleir
1355 921 2249 1042 m ales noueles puist oir de ti
1359 1005 2296 1122 p or quoi as tu. Ge mõ frere ocis
1341 1070 2296 1187 q; dist charlos ia le porras oir
1336 1163 2365 1289 l i ur̃e peres iii. castiaus me toli
1328 1263 2365 1365 o nq̃s uengance nẽ poi auoir de li
1304 1326 2324 1452 i ai mort tõ frere ausi ferai ie ti
1325 1406 2197 1514 c e est en diu. h̾. li respondi
1322 1471 2393 1615 m ais se diu plaist ie le tarai meri
1308 1545 2361 1680 c e q̃ tas fait mẽ frere gerardin
1319 1645 2290 1766 q; dist charlos de la mort te deffi
1313 1722 2328 1843 a dont brocha le bon cheual de pris
1313 1792 2300 1918 l ance baissie son escu auant mis
1313 1887 2250 1992 e nuers.li. en uint tous ademis
1306 1961 2306 2085 d e tant ua mal au gentil huelin
1291 2033 2374 2166 q uil not el dos le blanc haub̾c̾ treslis
1291 2113 2266 2250 q; de tant bñ quil ot le bnͣc forbi
1288 2197 2290 2343 o r escoutes du damoisel quil fist
1285 2286 2230 2425 l e bon mantel descarlate saisi
1291 2358 2284 2492 e ntor sen brac lenuolepa ⁊ mist
1290 2444 2305 2588 pꝰ traist lespee dont ladouba se uĩs
1276 2532 2333 2663 l e cheual broche des esperõs dorfin
1285 2622 2331 2762 c ontre charlot senua par gnͣt air
1272 2712 2415 2846 q; charlos hurte le destrier florentin
1266 2787 2374 2933 o r sentre uienent li damoisel gentil
1248 2872 2202 3007 c harlos feri huon par tel air
1269 2961 2356 3097 d esous le brac ou le mantel ot mis
1263 3054 2290 3187 q uil li depiece le pelichon h̾̾min
1266 3138 2287 3262 e ntre les costes ⁊ les dras aorfin
1252 3212 2333 3347 l i conduist droit son espiel acherin
1243 3282 2324 3426 d iex le sauua q̃ en char ne la pris
1247 3380 2374 3504 q; cil passe outre sor le cheual de pris
1247 3460 2250 3581 e ntrespassant le feri huelins
1232 3519 2356 3668 a mõt sor lelme. ou lescarboucle sist
1235 3612 2256 3740 n eli ualut uaillant. i angeuin
1229 3682 2342 3831 l i blance coiffe quil ot deseure mis
1241 3774 2356 3904 n e li haubers qui fu grans ⁊ treslis
1235 3848 2436 4004 n el porent onques tenser ne garandir
1229 3948 2297 4066 q uil nel pourfende enfreci q̃ el pis
1224 4013 2258 4148 e stort son cop du cheual labati
1206 4087 2407 4250 i us a la terre est cheus mors souuins
1229 4177 2318 4336 d u bruel le uoit li cuiu̾s amauris
3325 581 3437 693 [u]int
2491 614 3343 721 s acies de uoir mout ioians ende[]
2511 676 3484 794 d ist a ses homes or sui ge resbaudi[s]
2505 716 3441 889 c harlos est mors dix en soit beneys
2505 782 3460 1001 f rance est sans hoir si tenrai le pais
2505 861 3446 1056 a ins q̃ lans past aurai .k̶. mordri
2517 949 3399 1142 e t hues prist le cheual arrabi
2514 1019 3404 1219 q ui fu charlot cui il auoit ocios
2505 1061 3525 1308 i snelement par les resnes le prist.
2514 1177 3399 1368 u int a .Gẽ. si la araison mis
2519 1210 3520 1466 f reres dist.h. por diu de paradis
2501 1291 3506 1545 t e porras tu sor.i. cheual tenir
2519 1364 3469 1648 i e ne sai frere. Ge. [li respondi]
2528 1555 3623 1764 m ais bendes moi ma plaie ie uoꝰ pri
2533 1676 3548 1815 q; respont .h. par mõ chief ie lotri
2524 1741 3488 1885 i l deschendi du cheual arrabi
2528 1834 3618 2020 q; tint tout nu le branc dachier forbi
2526 1924 3470 2073 d e son bliauc a .i. pau departi
2505 2025 3469 2127 s e li benda les plaies parloisir
2492 2095 3433 2228 s i chlr̾ isont uenu tous dis
2505 2197 3535 2315 s i li aidierent uolent̾s nõ enuis
2501 2262 3688 2411 p ar mi les flans embrachẽt Gerardin
2505 2341 3716 2486 d oucem̃t le leuerent sor.i.cheual de pris
2508 2430 3492 2560 q nͣt il fu sus a poi quil ne chei
2501 2500 3651 2649 t rois fois se pasme du mal q̃ il senti
2505 2601 3396 2722 q nͣt il reuint sapela huelin
2501 2681 3516 2798 f rere dist il entendes enu̾s mi
2514 2751 3548 2867 c ar en ralons a bourdele la chit
2502 2852 3517 2948 a nr̃e mere qui soef nous norri
2496 2914 3637 3040 i ai tel paor tous li cors me fremist
2505 3016 3523 3128 c ar uous aues ichi .i. hõme ocis
2510 3096 3558 3217 n e sai quil est par diu de paradis
2514 3184 3678 3296 m out mesmeruel por quoi toz seus issi
2511 3262 3616 3361 t rayteur sont de urete le uous di
2517 3336 3563 3436 p or diu ralons a bourdele la chit
2505 3423 3448 3529 n e place diu frere dist huelin
2498 3485 3644 3600 q ue iamais uoie bordele le gnͣt chit
2502 3581 3451 3693 s aie ueu le roi de sainͭ denis
2501 3645 3572 3878 s e ie truis. k̶ qͥ tant a fier le uis
2496 3729 3395 3910 d e trayson lapelerai pour ti
2496 3808 3623 4041 q ũe son ꝯduit te ueut faire murdrir
2496 3896 3488 4083 d ist .Ge. frere faites ur̃e plaisir
2496 3976 3660 4180 a dont brochierent les bõs cheuaus depͥs
2491 4059 3525 4250 d roit a paris se sont au chemĩ mis
2477 4139 3423 4320 q; cil du bruel apelent amauri
2468 4232 3511 4423 q ue ferons nous riches qñs posteis
4689 484 5663 740 c harlos est mors li damoisiaus de pris
4675 599 5513 788 l aisserons nous ainsi aler ces uis
4648 656 5598 903 q ui ensement lont deuant nous ocis
4638 726 5500 977 d ist amauris entendes a mes dis
4624 791 5495 1056 n e uous ensoit dix le puist maleir
4587 844 5430 1126 q; si laissons ces dolans orfenins
4559 903 5430 1219 s es poursiuons a la cort a paris
4531 973 5616 1345 q ñt nous uenrous ens el palais uoltiz
4517 1028 5509 1415 d euant le roi qui tant est signoris
4718 1399 5385 1555 ant lui li metai son fil
4749 1505 5519 1629 [$]le uous acordes tous dis
4401 1480 4634 1688 p ar deu[ ]
4433 1589 4694 1755 a ma paro[ ]
4780 1586 5528 1728 mais en seres raemplis
4446 1654 4736 1815 a tous iors []
4787 1690 5411 1815 [en]t tout a ur̃e deuis
4457 1724 4778 1885 q; cil respond[ ]
4439 1801 4722 1955 h ors d[u]
4666 1736 5565 1918 [b]ruellet sen sont a tant parti
4454 1834 5514 2026 a charlot uienẽt qui gisoit el larris
4475 1922 5346 2076 q ui ert fendus enfresi q̃ el pis
4452 1983 5444 2141 a uant passa li cui uers amauris
4450 2076 5425 2230 i l et si home si ont charlot saisi
4470 2160 5323 2275 q; si lont mis sor.i. escu uoltis
4467 2244 5522 2352 a mauris monte sor i. cheual de pris
4467 2324 5528 2442 d euant lui lieuent le damoisel gẽtil
4438 2383 5425 2500 d ix les ꝯfonde li rois de paradis
4429 2461 5367 2582 a p̾s hũo se sont au chemĩ mis
4442 2557 5345 2666 o r auit dix Gerart. ⁊ huelin
4439 2641 5528 2734 c ar sil nen pense il sont mis a la fin
4426 2706 5562 2833 a ndoi cheuaucent tout le ferre cemĩ
4445 2784 5330 2880 t ant ont ale li petit orfenin
4436 2858 5522 2967 q uil ont ataint.dant abe de clugni
4442 2936 5392 3044 l abes le uoit sarresta el chemĩ
4429 3001 5326 3106 m out belement apela huelin
4429 3072 5597 3184 q uaues uous fait dist labes doz amis
4405 3156 5407 3263 s ire dist.h. sauons .i. home ocis
4405 3221 5509 3347 e nfant dist labes certes ce poise mi
4410 3300 5574 3431 o r cheuauchies ensamble aueuq̃s mi
4429 3370 5523 3515 p uis quensi est ie ne uous puis falir
4419 3440 5523 3580 d e ma parole uous aiderai tous dis
4419 3510 5453 3682 s ire dist. h̾. dix le uꝰ puist merir
4429 3580 5397 3775 d ont se regarde .h. o le fier uis
4424 3720 5467 4087 l es trayteurs uoit derr lui uenir
4475 3836 5486 4134 u oit les haub̾̾s.⁊les elmes luisir
4459 3913 5691 4227 t restout deuant uenoit quẽs amauris
4517 3994 5514 4278 d e lõĩg uenoit dix le puist maleir
4517 4106 5318 4357 .h̾. le uoit tous li sans li bouli
4568 4208 5295 4427 l abe apele cõ ia porres oir
4601 4264 5477 4544 s ire dist hues q̃ porrai deuenir
5719 609 6729 740 u ez chi ou uienent li traitor failli
5702 738 6748 822 q ui la estoient dedens le gaut foilli
5693 803 6851 909 b iaus nies dist labes ne soies esbahis
5687 875 6894 996 m ais cheuauchies q̃ dix uous soit amis
5680 968 6838 1086 c ar il ne font nul samblant de uenir
5683 1046 6801 1160 d e uous ataindre nes uoi pas aatis
5644 1098 6958 1266 a dont brochierẽt les bos cheuaus de pris
5668 1191 6799 1331 d roit aleure sen uienẽt uers paris
5665 1275 6894 1396 q; tant cheuaucent li damoisel gentil
5665 1365 6789 1480 e t tout li moigne. ⁊labe de clugni
5674 1443 6826 1542 q ua paris entrent cele mirable cit
5696 1505 6848 1629 d usquau palais ni ot regne guẽcit
5677 1573 6841 1708 l a descendirẽt au palais marberin
5695 1657 6823 1787 p uis en mõterent sus el palais uolti
5695 1736 6729 1866 h ues adestre son frere gerardin
5700 1787 6827 1941 d e lautre part li frans abes le tint
5705 1880 6739 2015 d euaut .k̶. sont uenu tout ainsi
5705 1964 6641 2090 h ues parla. ⁊ mout fu bñ ois
5681 2043 6483 2178 .k̾ salue a loi dõme mari
5708 2138 6795 2250 c il dameldix qui onq̃s ne menti
5700 2197 6743 2346 i l saut. ⁊ gart duc Na̾ le flouri
5695 2281 7004 2407 q; les haus homes. ⁊ trestous les marchis
5708 2386 6680 2480 q ue ie uoi ci en cel palais uolti
5711 2461 6627 2570 q; il cõfonde .k̶ de saint denis
5721 2532 6841 2632 c om traytor ⁊ maluais roi failli
5718 2613 7015 2725 q ui nous manda par bries et par escris
5721 2678 6956 2812 e t nous ueniemes p le sien cors seruir
5724 2771 7015 2889 e n son cõduit nous uolt faire mourdrir
5705 2852 6733 2958 .k̶. lentent mlt̃ en fu assouplis
5714 2928 6650 3040 p ui apela huelin au fier uis
5727 3007 6702 3122 u assal dist il or garde q̃ tu dis
5727 3082 6782 3200 c ar par celui qui onq̃s ne menti
5736 3169 6851 3283 p uis que fui neis trayson ne basti
5736 3243 6882 3358 m ais bñ te garde par diu de paradis
5755 3318 6829 3445 p ar le baron mõsigneur .s̾. denis
5752 3404 6897 3526 n e par le barbe qui me gist sor le pis
5739 3473 6751 3622 s e tu ne pues ta parole furnir
5751 3543 6757 3678 i e te ferai de male mort morir
5746 3634 6733 3749 s ire dist .h. cest a uous q̃ ie di
5752 3721 6832 3823 e sgarde rois dix te puist maleir
5751 3766 6911 3948 i l prent son frere q̃ li abes soustint
5758 3879 6627 4000 s i li osta le mantel sebelin
5775 3938 6734 4092 q; desbenda le plaie du meschin
5761 4041 6818 4166 l a plaie ouri li sans en est saillis
5789 4121 6910 4246 l enfes se pasme qui languisse senti
5783 4227 6798 4342 .k̶. le uoit mout dolans en deuint.
4839 4599 4926 4714 6
5013 4714 5103 4857 d
4824 4730 4991 4922 48
7060 325 7270 442 CCCII
7195 434 7369 648 302
