7766 5466
1036 563 2020 719 d ont sera elle ⁊ de quele ꝯtree
1005 619 2078 788 s i mait dix mlt̃ iert boneenree
993 710 2092 838 q nͣt darragone iert roine elamee
996 777 2086 904 ⁊ dist florens ꝑ lame de mõ pere
984 838 2219 988 m aint haut hom̃e ont ma fille demãdee
993 933 2096 1061 i ou ne sai hõme u mix fust mariee
988 1006 2041 1134 d edens .i. mois lauerai espouzee
957 1084 2132 1207 i ou le prẽdrai p᷑ lamour de sa mere
970 1161 2132 1275 d ist sorbarres quest ce q̃ tu dis leres
999 1254 2080 1366 d oit dont ta fille estre a toi mariee
938 1316 2082 1430 a ceste loi que dix nous a donnee
947 1402 2082 1512 d edens infer sera tame dampnee
943 1480 2050 1585 ⁊ dist florens mar i ara pensee
952 1562 2114 1662 s il est nus hom qui le mait desloee
947 1639 2091 1744 l ues li arai lame du cors seuree
947 1721 2005 1826 s a fille mande ⁊ on la amenee
929 1803 2091 1894 d ix ꝯme est fresce ⁊ bĩe encoloree
920 1876 2082 1976 t out riaint uient deuãt le roi sõ ꝑe
934 1954 1991 2067 ⁊ li rois la entre ses bras ꝯbree
938 2022 1991 2145 b ien la .x. fois baisie ⁊ accollee
929 2104 1991 2218 e t celle sest uers lui auolentee
925 2177 2101 2291 m ais ne set pas son cuer ne sa pẽsee
925 2250 1991 2377 q ntͣ le sara si en iert mlt̃ iree
934 2323 2146 2446 s on cier pere est si fort u cuer entree
929 2405 2028 2532 t out le tresꝑce dessi en la coree
938 2482 1941 2605 d u sens istra se nela espouzee
943 2564 1941 2701 d ix p᷑ coi a li rois tele pen see
947 2641 2123 2773 d ont tante dame iert encor esplouree
934 2742 1996 2851 ⁊ tante t̾re ⁊ destruite ⁊ gastee
929 2819 2069 2937 t ante iouente en iert deshyretee
920 2901 2050 3024 t ante pucelle orphenine clamee
929 2988 1996 3106 l i rois ara pour li saciere iree
947 3056 1959 3179 t ant a ydam baisie ⁊ accollee
938 3142 2096 3279 p assa li iours sa proisma le uespree
947 3229 2105 3334 l a gent au roi est forment t᷑mentee
938 3306 1964 3434 t out pour ydain q̾ il a enamee
943 3375 2142 3525 ꝑ nul daus tous nen iert lueure ꝯtee
947 3457 2142 3580 d ist luns a lautre ceste coze est prouee
925 3530 2037 3671 s il le tenoit en sa cambre a celee
925 3616 2023 3744 i a ne seroit de florent deportee
944 3698 2031 3823 q uil nel euir tantost despucelee
917 3783 2065 3917 s elle sa [$$$$] de son cuer la pensee
938 3856 1278 3965 a nchoi[s]
1354 3883 2089 3984 roit outre lamer betee
926 3941 1263 4029 q̾ latend
1342 3956 2059 4066 hou est coze prouuee
935 4005 1242 4245 c ar [$$]
1326 3994 2087 4176 [elle] est tant bien escolee
2296 535 3244 642 d u tout sestoit a diu seruir donnee
2420 595 3204 701 i rois florens . de riens ne sarresta
2202 478 2427 761 L
2429 640 3368 780 ains fait mander sa gent plus ne targa
2278 706 3176 856 b ries ⁊ escris a pris ses secla
2278 756 3295 965 l es haus barons u florens. se sia
2278 838 3185 1020 m ande ꝑ tout ⁊ la gaite i ala
2283 888 3308 1102 l a gaite a dit marier se uaurra
2287 951 3386 1193 c ascuns lentent gnͣt ioie en demena
2292 1024 3331 1261 s auoir uorront qͥl lor demandera
2296 1111 3272 1375 ⁊ loccoison p᷑ coi semons les a
2315 1156 3436 1412 e n arragõne tant de gent entre a
2315 1234 3409 1503 q̾ li marcies ⁊ la uille em puepla
2319 1311 3427 1617 c ascuns barons se uesti ⁊ para
2301 1535 3536 1735 p uis uont a court nus ne si arresta
2328 1630 3486 1794 l i rois florens . gnͣt ioie au cuer en a
2324 1712 3527 1876 c ascuns haus hom mlt̃ bel le salua
2319 1799 3500 1944 l es haus barons cascun accole a
2324 1885 3354 1999 ⁊ lor a dit conseillier se uorra
2315 1958 3468 2086 d e fem̃e auoir car uolente en a
2315 2031 3518 2163 p luisour li dient que trop atendu a
2315 2108 3545 2231 b er pren moullier dont honors te uẽra
2310 2186 3522 2318 s i mait dix ta cours mix en uorra
2319 2263 3399 2382 c e fu damages qnͣt uo fẽme fina
2310 2345 3532 2455 c ar sa pareille ne trouueres uous ia
2310 2414 3504 2541 l i rois lentent tantost le cief crolla
2315 2496 3504 2619 i l fait lauer a mengier lor donna
2306 2582 3240 2696 a gnͣt plente de uiandes i a
2310 2655 3536 2792 p uis sont leue qnͣt li mangiers fina
2306 2755 3522 2860 e n son uergier son conseil assambla
2296 2842 3450 2956 e t sorbarres pres de lui sacosta
2310 2906 3481 3042 l i gaite guis qui bonte li fist ia
2306 2983 3545 3115 f lorens. bons rois dist il entendes cha
2296 3070 3399 3193 d e marier aues parle piece a
2296 3152 3472 3284 o r esgardes u li cuers uous traira
2323 3252 3453 3361 e t respondes ensi com uous plaira
2296 3316 3377 3457 d echa la mer si haute fẽme na
2292 3384 3522 3525 s auoir le uoels que on ne ta maint cha
2296 3480 3454 3612 l i rois a dist que sa fille prendra
2287 3562 3436 3698 n autre ce dist que li nespousera
2311 3647 3410 3762 q nͣt lont oi li uns lautre bouta
2283 3675 3614 3853 l ieuent lors mains cascũs daus se si[gns]
2278 3794 3532 4040 s ire font il damledix uous en gart
2278 3889 3468 4104 o nques na uint ne iamais nauenra
2269 3949 3454 4176 o r nest il hom que sil uous escoutast
2260 4026 3377 4277 n e uous tenist de tel coze a musart
4248 485 5147 586 s ousuiegne uꝰ de diu q̃ nous forma
4243 546 5045 646 qͥ le baptesme ⁊ le foi nous dõna
4243 610 5086 719 g ardons la loi que il nous ꝯmãda
4238 678 5045 797 c is iert hõnis qui le trespassera
4220 742 4985 860 l e mariage qnͣt il le ꝯmanda
4183 819 5058 947 t ous crestiens ihũcris ꝯmanda
4179 883 5036 1002 c a son ꝑage ne se mariast pas
4151 961 5036 1111 t u nele pues auoir dusq̃s en qtͣ
4138 1020 4981 1188 u antrement bougrenie sera
4124 1097 5054 1275 f lorens. loi gnͣt mautalent en a
4101 1166 5104 1348 d ist a sa gent de chou ne ꝑles pas
4078 1243 5090 1430 s i mait dix autre que moi naura
4088 1311 5127 1512 l a damoiselle auoec moi remanra
4136 1418 5087 1594 i rois florens. les a fais esmaier
3937 1245 4165 1594 L
4156 1471 5077 1685 sa fille mande ⁊ fait aparillier
4019 1621 4972 1862 a le i sont si noble conseillier
4010 1726 5017 1944 ⁊ sorbarres le cõmence a coitier
4019 1817 5154 2040 s on cors a cesme la pucelle au uis fier
4060 1899 5108 2081 d e dras a or qui mlt̃ estoient cier
4047 1990 4894 2136 a la destrer iot maint chlr̃
4047 2045 5218 2222 d es cambres ist sentre u palais pleniẽr
4047 2140 5013 2300 e nꝯtre li est li barnes drecies
4047 2222 5136 2377 d e sa biaute est cascuns formiies
4047 2309 5072 2436 b ñ le uꝰ doi conter ⁊ anoncier
4042 2373 5227 2523 p lus estoit blance q̃ nest nege en feuͥer
4047 2464 5159 2610 d e sor le blanc ot coulour qͥ bĩe siet
4047 2550 5149 2696 u̾ melle estoit ꝯme roze en rozier
4047 2619 5286 2760 l es iex plus uairs q̃ na faucõs muiers
4060 2719 5222 2837 l es cauiax blõs qͥ cercelent arrier
4056 2787 5222 2919 n i uaut fix dor de biaute .i. denier
4056 2860 5222 2997 a ins nus cristaus tãt fust aꝑillies
4047 2947 5245 3092 n e fu plus blãs bĩe loze tesmõgnier
4065 3038 5108 3161 ꝯ est li frons. ydain a la procier
4069 3106 5236 3234 l e nes traitich les sourcix enarcies
4083 3197 5236 3316 b ouce u̾ melle ⁊ les dens bĩe forgies
4069 3284 5236 3398 l e col plus blanc q̃ nest iuoires ciers
4078 3352 5300 3494 l es mains gͣilletes les dois bñ adrecieᷤ
4065 3425 5282 3580 h ances bassetes ⁊ sot uaucis les pies
4065 3516 5300 3671 t ant est ses cors de tous biẽs adrecies
4060 3593 5286 3926 i ouenete est de .xu. ans tous entiers
4097 3721 5154 3985 n ot mamelete ꝯ aꝑchoine riens
4110 3789 5277 4049 e nuers son pere est ses cors adrecies
4138 3880 5181 4135 l i rois laccole ⁊ baisa uolentiers
4165 3967 5104 4195 e ncoste lui sor .i. paile sassiet
4165 4026 5213 4305 ⁊ ne sauoit de coi il ueut plaidier
5391 478 6387 651 m a bele fille dist florens or oies
5377 551 6512 715 o rpheñine estes sai de uous gnͣt pitiet
5391 619 6398 769 p uis que ꝑdi uo mere ne fui lĩes
5403 707 6341 825 m ais ꝑ uo cors iere resleecies
5377 774 6480 915 m ix ressambles ur̃e mere au uis fier
5373 870 6480 974 q̾ riens qͥ fust onques desous le ciel
5373 938 6553 1052 p᷑ son samblant ai iou uo cors plus cier
5373 1011 6508 1120 s i uous prendrai a per ⁊ a moullier
5364 1106 6526 1202 c ele lentent si embroncha son cief
5373 1179 6526 1302 p eres fait elle as tu le sens cangiet
5373 1248 6635 1366 p lus chou ne dites car trop est gnͣs pecieᷤ
5373 1334 6430 1443 a dont se ueut la pucelle drecier
5364 1412 6535 1530 f ille fait il de chou ne ꝑles nient
5364 1503 6508 1612 i a me feries tantost uif erragier
5359 1576 6526 1694 t ont si baron sen st̃ a genoulliet
5364 1658 6476 1771 ⁊ dient rois aies de uous pitiet
5373 1717 6631 1840 t u uex ta fille ⁊ ton cors uergongnier
5377 1812 6517 1940 f lorens a dit leceour pautõnier
5381 1894 6687 2013 n est hom uiuans qͥ men puist tͣire arrier
5364 1963 6389 2077 q̾ ꝑ celui qͥ en crois fu drecies
5381 2040 6596 2171 l ou le prendrai cui quen doie anoiier
5528 2113 6576 2250 a fille au roi est forment esmarie
5514 2186 6612 2327 toute nuit pleure si sa pelle caitiue
5291 1936 5530 2359 L
5409 2259 6544 2400 q̾ deuenrai p᷑ coi fui ainc nasquie
5409 2336 6576 2477 s e li miens peres a omoi ꝯpaignie
5391 2427 6562 2550 l ame de moi en iert p᷑ uoir traie
5418 2505 6622 2651 i ou men fuirai chi narresterai mie
5418 2582 6530 2719 e s uous le roi o sa gnͣt ꝯpaignie
5427 2664 6590 2801 qͥ en sa cambre a fait mener sa fille
5427 2746 6462 2883 i l a poour que ne li soit rauie
5423 2805 6699 2974 l e baig fait faire u sa fille iert baignie
5427 2906 6503 3060 s i quele estoit si fort espoerie
5432 2992 6549 3138 a tant es uous. desiier. de pauie
5427 3070 6526 3215 e n la uille entre a gnͣt ceualerie
5441 3138 6617 3311 e ncontre ua. florens .⁊ sa maisnie
5418 3220 6590 3375 e t la pucelle est fors du baĩg salie
5437 3311 6612 3475 d ras dõme uest de riens ne si detrie
5421 3391 6490 3558 e n guize dõme sest bien aꝑillie
5433 3470 6593 3622 u ient a lestable au destrier est lancie
5427 3539 6590 3716 p uis est montee que ne sa targa mie
5432 3630 6366 3807 ꝑ nului nest uene ne coisie
5427 3694 6535 3871 f ors darragõne en ua dix li aie
5446 3780 6617 3953 f lorens reuint en sa cambre la qͥ[ze]
5455 3862 6508 4026 b ñ saꝑchiut que sen [estoit] mie
6453 3917 6663 4104 mie
5446 3949 6348 4128 m lt̃ fu dolans ie ne uous e[n]
6571 218 6948 382 CCCLXXXXI
6778 400 6915 522 391
4458 4530 4604 4706 95
4634 4618 4904 4787 43e
