7847 5466
1152 678 2173 851 l aquarre fee me [d$]na [m]iex asses
1125 769 2173 924 s [$$$$ $$] uel don co[m] uous orres
1098 860 2210 1006 i l uest oisiaus ne beste ne senglers
1098 924 2278 1067 t ant soit hautauis ne de gnͣt nobletes
1111 1015 2123 1143 s e ie le ueul de mã maui achener
1093 1088 2178 1211 q ua mon ne uiegne de bõne uolente
1089 1170 1954 1298 q; aueuc ce me dõna encor el
1079 1243 2146 1384 d e paradis sai ioutous les secres
1093 1320 2187 1453 q; oi les angle̾s lassus el ciel chanter
1102 1416 2137 1544 n en uiellirai iamais en mon ae
1102 1507 1977 1626 q; en la fin qnͣt ie serai fines
1102 1571 2242 1699 a ueuques diu iert mes sieges poses
1111 1658 2132 1790 s ire dist .h̾. ce est miracle asses
1111 1730 2132 1881 q ui tel dona il le doit bñ garder
1098 1812 2091 1926 h uelin frere dist aub̾̾ons li ber
1084 1881 2191 2004 q nͣt maparlas mout fesis q̃ senez
1102 1976 2105 2090 t u en ouras cõ bñ endoctriues
1102 2045 2219 2168 c ar par celui qui en crois fu penes
1098 2113 2328 2231 m ais tant biaus iors ne te fu a iornes
1116 2195 2223 2332 t u ne mengas .bñ a iii iours passes
1098 2277 2141 2400 o r en aras a mout gnͣde plentes
1111 2364 2196 2482 d e tel uiande com uauras deuiser
1121 2436 2269 2555 h e: dix dist.h̾ . ou seroit pains troues
1125 2532 2137 2641 d ist aub̾̾. ne ten estuet douter
1130 2605 2137 2733 m ais or medi deseur: ta loyalte
1125 2692 2292 2810 u eus tu mengier. ou en bos. ou en pre
1125 2773 2164 2878 s ire dist .h̾ . se diex me puist sauu̾
1130 2851 2246 2965 i l ne me caille mais q̃ ien a ie asses
1148 2933 2182 3047 d ist a huon amis or mentendes
1139 3024 2269 3133 c ouchies uous uis at̾re en mi ce pre
1148 3092 2269 3193 q; tout ur̃e home refacent autretel
1266 3170 2333 3293 ist aub̾̾. signeur uis uous conchies
1068 3161 1287 3370 D
1271 3261 2196 3366 q; il si fisent degre. ⁊ uolentiers
1139 3329 2196 3439 q; auberons cõmence asoushaidier
1139 3411 2196 3525 o u nalast mie le trait a .i. archier
1148 3484 2141 3593 q nͣt aub̾̾. lor dist or sus drechies
1171 3557 2292 3653 e t cil si fisent que ne uolrent targier
1148 3630 2437 3739 d euant aus uoient .i. grãt palais plenier
1152 3707 2087 3830 a sses iot. ⁊ chambres.⁊ soliers
1166 3785 2255 3908 r ois aub̾̾ons fist forment aprisier
1148 3867 2219 4003 d ist as barons soies ioiant. ⁊ liet
1139 3958 2219 4067 u ous aueres. a boire. ⁊ a mengier
1143 4035 2219 4154 a grant pleute neu soies esmaiet
1152 4126 1927 4236 d ist h̾uelin
1152 4195 2187 4450 t rop longuement plaidies
2447 680 3127 783 il salent sus si se sont regarde
2321 691 2469 874 C
2465 710 3198 865 deuant au uoient .i. palais machõn
3363 769 3426 906 e
2355 769 3121 961 a plusors chambres si yot maint
3341 865 3445 979 piler
2821 923 3121 992 [$$$]leure
3209 920 3370 1020 moute
2365 842 2879 1033 l i baron sont lad
2797 995 3130 1088 cueuent.⁊ tr
2365 938 2793 1129 l es tables tr
3212 992 3471 1108 estout an̾ste
3212 1081 3358 1156 t dore
2392 1033 3162 1202 a grans bacins qui estoiens
2392 1106 3394 1279 a portent liaue li sergan[t] alauer
2406 1184 3399 1361 q; pui[s] se sont tout assis au disner
2410 1248 3390 1462 e l [sau] destuef sist auberons li berr
2401 1330 3445 1530 p laist uous oir ꝯment il fu ouures
2406 1402 3363 1607 l i pecoul furent de fin or esmere
2406 1462 3394 1685 l i ars damors ifu tous ꝯpasses
2410 1544 3363 1776 f ees le firent en .i. ille de mer
2406 1576 3522 1853 g rant paĩne misent por le nux assen̾
2410 1680 3486 1940 r oi alixandre le fisent presenter
2415 1749 3513 2017 q ui les torno[$$] [$$$$ $$]re et [$]orer
2424 1963 3285 2090 [l] e roi cesar le fist apre[s] don[]
2428 2049 3372 2190 [c] il le laissa son sil par ami[s]te
2433 2127 3394 2254 [l] i faudestues fu de tel dignite
2447 2200 3522 2350 [s] il ciet en feu il ne puet embraser
2447 2291 3495 2414 [c] il qui sus siet puet estre asseures
2433 2359 3590 2491 q uil ne puet estre por riens en uemines
2456 2450 3481 2555 P ar nul venĩ tant soit en oscures
2437 2528 3363 2628 t antost le uoit q̃ on la aporte
2437 2614 3363 2723 p ar la u̾tu du faudestuef dore
2433 2687 3363 2805 l i rois auoit .i. bliant endosse
2437 2769 3372 2887 q ui tous estoit de soit naturel
2451 2851 3404 2969 c ar a fil dor sont lachiet si coste
2456 2928 3321 3056 d ales lui sist .h̾.au cors molle
2442 2997 3522 3161 l enfes mengue qui mlt̾ lot desirre
2459 3097 3258 3206 e t aub̾. la souuẽt regarde
2460 3142 3599 3293 d euant lui taille par mout gnͣt amiste
2465 3256 3367 3384 p ain. ⁊ uitaille q̃ il deuoit user
2453 3325 3358 3449 q ui que meng ast Ge. a ploure
2469 3375 3490 3534 c ar encor cuide aueuc lui demour̾
2469 3466 3390 3593 u oit le aub̾̾. si len a mout pese
2465 3525 3426 3675 d ist. a Ge. mengies. ⁊ si buues
2474 3622 3410 3753 s i mayt diex. ⁊ la soie bontes
2469 3707 3476 3953 q ue ia si tost tu naueras disne
2474 3798 3563 4049 q ue mes cõ gies ne uous soit deliures
2469 3876 3294 4072 d ont fu Ge. auq̃s asseures
2469 3971 3476 4176 b ñ sont serui ia mar endouteres
2471 4069 3486 4257 m out orent mes.⁊ uies uin. ⁊ clare
2468 4151 3419 4333 q ñt ont mengie. ⁊ beu aplente
2447 4213 3280 4432 h uelins a auberon apele.
4515 555 5381 742 n ous en uolriẽmes sil uous plaisoit aler
4479 614 5167 801 sire dist il sil uous uenoit a gre
4461 669 5235 883 d ist auberons hues .i poi souffres
4438 737 5076 929 g loriant a auberons a pele
4424 792 5153 1033 p ar faerie fu mout tost ap̾stes
4411 865 5194 1125 s ire dist il que uoles uous parler
4388 911 5135 1193 d ist aub̾̾. mõ hanap ma portes
4370 965 5094 1261 i e ueul .h̾. de mes ioiaus douer
4338 1020 4976 1311 c il respondi a ur̃e uolente
4315 1088 5080 1439 i l le ua querre ⁊ puis li a dõne
4288 1138 5017 1507 q; aub̾. la a .ii. mauis combre
4174 1512 4948 1835 .h̾. dist il cel hanap esgardes
4174 1612 5090 1894 i l est tous wĩs si q̃ uous le uees
4224 1671 5176 1931 d esus la table la maintenant pose
4219 1776 4930 2022 .h̾. amis ce poes esgarder
4228 1831 5094 2072 l e grant pooir q̃ ihũs ma done
4206 1917 5026 2129 e n faerie fas ie ma uolente
4242 1985 5217 2195 b ñ le porras maintenant esprouer
4247 2072 5140 2282 t on rois or bñ del bon hanap dore
4288 2924 5322 3111 q ui est tous wis .⁊ or est tous combles.
4288 3079 5322 3188 d e sa maui destre la trois fois uirõne
4288 3161 5235 3279 p uis fist crois sus de diu de mayeste
4260 3238 5313 3357 q; li hanas fu tous planis de uin cler
4265 3293 5108 3425 d ist aub̾̾. hues or mentendes
4274 3379 5108 3511 t as bñ uen ꝯment ie ai ouure
4283 3439 5240 3584 c est depar dieu q̃ cis hanas est teis
4283 3502 5121 3675 q; sest encor de si graut dignite
4288 3575 5235 3737 q ue se tout cil qui sont de mere nei
4287 3655 5153 3848 [q; tout li niert] fussent resuscite
4315 3798 5153 3903 e t fussent tout uenu. ⁊ assaule
4338 3862 5162 3971 s i renderoit cil hauas uin asses
4342 3930 5208 4063 q; si fait boire q̃ uauroit deuiser
4351 3994 5190 4140 m ais q̃ preudons leust en poeste
4365 4058 5030 4263 c ar iete di en fine [l]oiaute
4566 394 6530 614 ensi ꝯme li rois auberons fist le kastel de faerie ens ou bos pour donner
4555 482 6735 683 huon a maignier ⁊ se compaignie ⁊ se li bõna sen cor diuoire ⁊ sen hennap
5459 642 6543 747 n us ni puet [$]oire sil nest pruedõs claines
5459 719 6434 833 q; nes. ⁊ puis. ⁊sans pechie mortel
5459 797 6484 915 l ues q̃ maluais iueut la mam geter
5436 879 6329 1006 a il perdu du hanap la bonte
5431 947 6329 1093 s i mait dix re uous di u̾ite
5427 1024 6393 1166 s ire dist. h̾. bñ uoie ai esgarde
5390 1111 6393 1234 m [ais] ie ne dont q̃ ne soie pas tels
5413 1197 6370 1325 q ue ie ipuisse ne boire na deser
5390 1275 6370 1407 a ins au ma uie ne uitel poeste
5390 1357 6466 1471 m ien esoiant uous saues enchant̾
5363 1416 6393 1557 s ire dist.h̾. enu̾s moi entendes
5368 1494 6338 1630 i e uous di sire q̃ ie sui ꝯfesses
5372 1580 6220 1708 a la postole de rome la cite
5368 1653 6584 1771 n e pentans sui de mes pechies mortels
5395 1730 6493 1862 e n tel maniere q̃ uous dire morres
5399 1812 6575 1935 q ue ne has home qui soit de mere nes
5422 1894 6552 2017 d ont passe auant li gentil bachelers
5409 1967 6552 2095 l e hanap prist a ii. mauis la combre
5409 2040 6475 2159 m et le a sa bouce.⁊ il fu tous rases
5427 2131 6283 2245 s i en abut tout asa uolente
5431 2195 6283 2332 q nͣt aub̾̾. a tout ce esgarde
5427 2277 6311 2405 m out en fu lies si len a acole
5436 2368 6379 2491 h ue biau frerc dist aub̾̾. li ber
5436 2455 6452 2569 s i mait dix preudome tai troue
5445 2514 6384 2646 o r le te donis en non de carite
5440 2600 6489 2733 l e bon hanap qui tant a dignite
5436 2673 6525 2801 e n tel maniere q̃ uous dire mordes
5431 2755 6397 2883 q ue se tu gardes ades ta loiaute
5436 2833 6561 2960 q; q̃ tu ueulles par mon cõseĩl ouurer
5450 2910 6525 3047 i e taiderai loialment sans fausser
5413 2992 6539 3101 m ais ia si tost menchoig ue ne dires
5450 3065 6502 3193 q ue ne perdes du hanap la bonte
5427 3142 6502 3261 q; de mon cors trestoute lamiste
5454 3220 6534 3357 s ire dist .h̾. ie men cuit bñ garder
5454 3302 6580 3434 q; sil uous plaist si men laissies aler
5445 3388 6320 3493 d ist aub̾̾. encor atenderes
5454 3461 6457 3580 e ncor te ueul .i. bel iouel doner
5450 3534 6493 3653 c ar iai ceens .i. cor dyuoire cler
5440 3621 6493 3739 q; por itant preudome taitrouue
5431 3698 6530 3812 q; net .⁊ pur. ⁊ sans pechiet mortel
5454 3785 6320 3889 e t por ice q̃ tu mas aparle
5450 3858 6279 3985 l e te donrai si aye ie sante
5450 3940 6530 4053 e n tamosiuere le porras tu bouter
5450 4017 6420 4131 e t apres ce ie te ueul creanter
5440 4094 6420 4263 d u gnͣt pooir q̃ ihũs ma donne.
4422 4595 4611 4761 d 63
6908 368 7213 478 CCCXUII
7031 473 7149 624 317
6850 4199 6975 4342 21
