8107 5513
1144 597 685 124 d eses amis qui la estoient

1135 643 753 165 q ui doucement lereclamoient

1277 679 653 166 dans noes ⁊ abrehans

1089 767 161 156 A

1273 762 629 175 jacob dabis ⁊ moysans

1080 840 583 138 e zesiel et  enaieme

1070 900 589 152 e zesiaus et errasci

1066 969 864 151 e t sains danis et sains dathas

1061 1052 763 160 b irrent laclarte [     ] sus

1047 1116 832 156 d iables mout ses meiuslist

1034 1203 905 129 q uant en luser assece crouua

1006 1281 846 124 q ui la poissance uni sarroit

1001 1373 929 115 d eriens neses . [ ]oiselloroit

978 1442 1025 124 s e marie uirgene enfanta

1006 1525 1062 119 q ant dieus le ualist ⁊ ꝯmanda

1015 1607 1089 125 b ien puet quant lihuiẽt aplaisir

1020 1686 933 137 a .ix. mois de la uiregene issir

1024 1768 1030 133 c is qui fist ciel ⁊ terre ⁊ mer

1015 1846 942 134 e t quile pulle puet sauner

1020 1929 956 119 e t qui la mer fist aou urir

1034 2030 864 106 p our son pulle de gipte issir

1024 2104 998 119 n e puet il dont faire enfanter

1038 2186 887 106 u irge ⁊ uirginite garder

1236 2260 786 128 il naus nule dontance

985 2285 246 168 O

1259 2343 919 114 que deus atout ensa poissance

1052 2421 1025 124 u irgene conchut vͥgene porta

1047 2499 984 128 u irginalment uirge enfanta

1043 2563 979 133 e lle est roine ⁊ mere au roi

1047 2650 1030 143 e t damel diex la auoec soi

1066 2724 1006 151 u irge est u ciel uirge est engloire

1057 2788 1107 179 b ien doit tous iors estre ẽmemoire

1070 2885 828 142 q ui debon cuer la ourra

1066 2949 832 161 e t vraement la pellera

1057 3018 813 193 n e faur que il nait saie

1057 3105 735 170 u a samort u a sauie

1034 3174 946 193 a lui doit ou du tont tourner

1020 3261 859 193 ⁊ son corage ⁊ son penser

1020 3339 965 184 l a femme nert sipecheris

1020 3413 878 184 n e hom si depechie es pris

997 3486 928 198 s il reclaimme sainte marie

1109 3611 818 137 e bon cuer ne li face aie

1011 3661 836 147 s e cis li prie qui folloie

1029 3753 1011 152 m out tost lamis adroite uoie

1052 3840 919 143 r adrecemens uie ⁊ secours

1043 3909 1029 156 d ont mestier auiens entre nons

1052 3987 988 244 r es tore nous est et rerendu

2569 583 845 216 t out cetrie nous auieus perdu

2555 615 744 234 s ainte marie nous rendi

2550 670 919 244 l es biens que eue nous tolli

2523 730 841 248 C ou mencie nous fu ꝑ marie

2513 817 823 207 r estoreuiens de nostre uie

2509 900 804 179 o r deprions laglor[   ]

2500 969 1043 179 l asainte uirge pre[       ]

2472 1033 938 189 s i uraiement coli dlex letre tere

2467 1125 1140 156 c ar elle oie nostre pidiẽsi

2454 1185 900 179 e t la ioie nous face auoir

2444 1304 938 124 q̾ oel ne peurent ains ⁊ de t r

2444 1373 860 129 n e bouce douce raconter

2435 1465 910 124 o r elle oir ne cuers peasmet

2435 1552 984 120 q ue diex nostre sis[   ]atrians

2440 1630 960 129 e nsamble olm les siens amis

2431 1704 1135 133 ⁊ diex parchon nier non ensace

2431 1791 951 147 p ar sa p[ ]tie et par sa grasse

2641 1883 830 120 si est bien drois quẽ ie uꝰ die

2647 1970 795 124 demadame sainte marie

2405 1895 229 199 O

2431 2048 1020 138 s ainte honnessa alenfant pris

2463 2127 910 128 q uelle nialonc terme quis

2467 2205 782 128 e n une crepe la couchie

2463 2260 914 151 d e blans drapians bñ aisie

2463 2333 933 157 e n celle crece u diens estoit

2454 2416 767 147 .ii. nues uestes iauoit

2458 2476 919 197 l i une uace pour bñ faire

2472 2517 1039 207 l autre mule pour essanpaire

3299 2731 132 77 ito

2454 2609 1025 230 l a uace ascorner quele au[  ]t

2458 2774 933 276 n ostre signour acounet

2444 2857 1016 267 l a mule as dens le des de auroit

2449 2940 827 225 s aues que chou fu a dire

2431 3013 928 239 i ou le dirin chascuns si mire

2431 3114 900 230 j a vace qmidieu atouueta

2412 3192 919 230 S ene france nois momstrae

2421 3266 823 211 a lanon uest lois uennt

2421 3362 759 184 t oute lavis depeceroit

2426 3441 749 183 ⁊ lamile qui dsco ꝯ

2408 3519 707 174 s enesia iele uous di

2417 3606 804 179 l a uies loi qui qui est albatue

2417 3698 671 110 ⁊ depertie ⁊ corrou[ ]ue

2426 3767 708 142 ⁊ le larron que pendus fu

2454 3836 611 82 d ales leroi au bon iesu

2490 3859 671 124 qͥ ains ne uaut nĩchi crier

2509 3946 602 101 e n infer leconuient aler

2518 3960 818 206 l uns des larrons ot non diman

4733 464 781 206 e t ses conpains non somatras

4848 551 685 179 onpaing estoient ⁊ uoisin

4669 512 196 172 C

4848 615 685 188 si partoient leur larrecin

4646 624 924 262 t out chou quen la sorest enbloient

4623 638 836 317 q ant les ꝓ domes derrouboient

4595 753 768 285 d i [              ]tite

4568 813 698 280 e ni escriture lai trouue

4522 859 855 330 d e chou qua ua sorest enbloit

4517 923 850 354 u ne siue mers enpaissoit

4467 973 831 373 a ins ne fust mal amule gent

4425 1038 602 331 l a upuist den sient

4356 1088 1011 464 a ins leur donneat deses deniers

4338 1153 386 289 e t licaret

4820 1387 350 243 uchentier

4981 1653 285 166 aꝑtoit

4779 1630 124 189 or

4287 1704 331 257 a s poures

4315 1736 988 276 f ors senlement quil enuiuoit

4338 1856 896 220 p uet dont nu. ͨ faire carite

4338 1929 841 253 d autrui auoir sila emble

4361 1993 882 221 o il certes ⁊ grans au mosnes

4370 2071 974 249 q ant ille met as mains des poures

4513 2168 900 193 ins dieus ne fist si fort larron

4513 2283 730 124 se par uraie confession

4361 2274 133 133 A

4384 2352 809 128 u oloit a dieu mer chi crier

4379 2388 1011 161 d iex ne fust pres du par donner

4384 2499 795 124 e n esle ior que diex fu nes

4375 2563 951 147 u int uns angles tous enpenes

4370 2664 837 110 a spiferiaus silor nonc̾ha

4370 2728 864 124 d iot coit nes qui tout cria

4361 2820 850 111 l angle sest aaus aparus

4366 2898 905 134 d une n̾t grant clarte uestus

4366 2986 804 110 s ilor dist ne uous es maies

4379 3059 832 124 d iex machi ouous en voies

4388 3128 846 138 p our anoncier ceste nouuelle

4384 3215 731 124 qͥ parberaonde sera belle

4384 3280 800 147 c ar lisan ueres est hin nes

4388 3358 690 147 e n belle letrouueres

4388 3427 681 151 a les i tost isnellement

4384 3500 698 207 s i la euret enbelle ent

4660 3905 459 119 e t les auoir[     ]

4692 3909 602 179 i e uous ditai bones de mbess

4687 4024 575 129 e u uolepe uerres len fant

4710 4061 618 161 e n une crepe pouremant

4848 4107 542 147 el tenes pourchou enuilte

4738 4162 115 105 Q

4862 4171 551 110 [       ]s dras est en uolepe

4738 4217 721 129 c ar chou est dix tout uraiem̃t

4742 4240 708 211 q ui est uenus sauuer sagent

3027 4434 113 193 71

5827 601 836 198 e t une estoile est aparue

5841 702 910 157 q ui on ques mais ne fu ueue

5818 762 767 170 t ous li pais en la tarua

5804 813 781 188 d e la cl[ar]te quele iera

5799 895 952 180 e t li ir tour sans demo[    ]e

5776 969 975 165 o nt mien lestoile res gardee

5753 1061 1126 142 q ue bsains angles leur moustra

5744 1134 979 143 e t pour coi fu leur de uisa

5726 1203 1084 161 q ant ont lestoile aperceue

5717 1286 1011 142 s isentornent grant aleure

5703 1373 942 133 i l sont uenut enlacae

5694 1447 1218 147 g nͣt ioie ont fait dion ent troue

5795 1552 970 111 l disoient mout doucement

5609 1531 201 246 I

5795 1630 1029 129 diex qui es pardurablement

5671 1718 1094 115 d onne nous ioie ⁊ pais entere

5680 1787 937 114 e t uolente de toi requerre

5671 1874 946 119 l a uirge uoient la gisant

5680 1961 988 110 e t en le crepe son enfant

5662 2044 910 147 s i tost con il lorent ueu

5671 2127 965 133 s i sont mout bien aperceu

5666 2205 1076 133 q ue cest dretes que langles dist

5675 2297 1067 114 e t que cest diex qui illuec gist

5671 2375 1071 119 m out hantersont lont aoure

5671 2462 992 115 a leur bestes ion[         ]

5675 2531 988 133 a toute lagest sont distait

5685 2600 1057 165 q ue diex est uer eabelleant

5790 2678 952 165 ipulles bien qui chou o oit

5566 2646 263 317 L

5809 2779 882 161 agrantm̃uelle letenoit

5680 2871 1075 161 a pres. uiii. iors que dix nasqui

5680 2949 914 152 s icontrouones enles crit

5685 3022 928 166 l i lui qui a loi tenoient

5689 3087 965 179 e t qͥ agomrener la uoient

5694 3183 960 170 e n lestable sen sont uenut

5703 3261 947 170 u nostre dame denfant iut

5703 3344 1016 179 u ns arceprestres dist auant

5675 3436 998 175 antes nous aporter lenfant

5694 3514 946 198 l euer lestent ⁊ bautisier

5671 3611 956 188 .i. rasoir font aparrellier

5923 3689 731 170 r oies le bautisement

5694 3780 240 184 O

5933 3725 855 207 que li iui firent lenfant

5730 3799 1076 257 o nques nieut oille ne cres me

5753 3909 1108 225 q nͣt il firent cel saint bastesme

5767 3950 1149 262 m ais dun rasoir molut trencant

5776 4061 956 202 l itrencerent par dedeuant

5767 4134 1039 262 d eson menbre le cuir enson

7183 615 101 115 31
