8107 5513
1158 601 2141 771 r usfins ot nõ ensi est apelles
1144 689 2251 831 d e frain de sele fu mlt̃ bñ at᷑nes
1139 781 2302 905 l i frains ualoit .xx.lb̶. dargẽt cler
1130 854 2279 983 ⁊ le lorain ne pot on pas nombrer
1139 946 2187 1079 ⁊ le destrier qͥ mlt̃ fait a loer
1139 1019 2311 1166 Qͥ li dus pierres amene doutre mer
1130 1093 2228 1231 s i le conquist sor le roi fallatre
1158 1189 2173 1318 ⁊ labati du destrier akieue
1148 1267 2215 1401 n e su pas mors ne ne fu deuies
1167 1346 2261 1502 p uis le conquist .h̾. li bacelers
1135 1442 2160 1575 ⁊ conuerti lui ⁊ .x.m. esclers
1139 1516 2339 1672 a icel tans que uous moes conter
1116 1594 2376 1741 u uirent les weandes en icelui regne
1130 1709 2247 1828 .h̾. i fist com uassaus esprouues
1130 1796 2160 1915 ꝑ deuant mes. cele bone cite
1102 1865 2403 2016 f u la bataille des wades mlt̃ mortex
1098 1957 2210 2094 l e c eut .h̾. li dus membres
1093 2044 2265 2173 d ont le conuint morir ⁊ deuier
1098 2131 2376 2232 m ais cene fu a mlt̃ lonc tans apres
1102 2205 2288 2324 a tout le cop sen ala outre mer
1093 2287 2238 2407 o lui mena biatrix au uis cler
1084 2370 2201 2485 m lt̃ ifist darmes .h̾. li bacelers
1084 2453 2265 2577 ⁊ mlt̃ ochist sarrasins ⁊ esclers
1112 2554 2330 2678 p uis fu il sires dacre la fort cite
1102 2637 2146 2751 ⁊ deliura le sepulcre honore
1084 2733 2219 2843 Q̾ sarrasin rauoient conqueste
1093 2811 2219 2931 o lui mena thieri le baceler
1109 2903 2322 3010 c elui quil ot dedens le bos troue
1106 2986 2199 3108 Qͥ lerres fu ⁊ gens ot desrobes
1102 3068 2353 3202 ⁊ maint preuid̃nie ocis ⁊ estaͣngle
1098 3160 2320 3289 m ais puis fu il si uassaus esproues
1107 3243 2385 3376 n us ne pot onques darmes tãt end᷑er
1093 3330 2247 3482 ꝯ fist thieris dont ie uꝰ ai parle
1098 3450 2178 3588 p᷑ sa prouece ⁊ p᷑ sa gnͣt bonte
1102 3523 2325 3633 l en ama tant .h̾. li dus membres
1089 3615 2196 3739 Q̾ sa fille ot amoullier ⁊ aper
1125 3684 2210 3836 pꝰ fu il rois si com dire mores
1116 3780 2164 3914 d une cite qui mlt̃ fist a loer
1093 3868 2242 3983 Q̾ il conquist el palagre de mer
1112 3950 2288 4075 r ois bucifaus en fu sires clames
1099 4048 2359 4165 n ul plus fort home ne peust on trou̾
1093 4122 2340 4251 m ais puis locist .thieris. li bacelers
1093 4199 2320 4327 ⁊ fist ses homes a gnͣt dolour finer
1090 4290 2218 4401 Q ntͣ ot conqͥs cele gntͣ roiaute
1084 4370 2129 4499 e t le pais enuiron aquite
2521 588 3465 676 d ont li membra de ce cauoit erre
2518 624 3469 771 e ns en safance ⁊ en son iouene ae
2523 693 3497 845 e n son cuer pense qͥl uolra amender
2532 744 3552 928 p uis tourna si son cuer ⁊ son penser
2546 826 3428 1010 e nuers ihũ le roi de maiste
2536 886 3483 1093 Q̾ il fu sains si com dire mores
2559 937 3630 1189 e n la canchon se uous bñ lescoutes
2569 1047 3552 1258 m ais a .h̾. me uolrai retourner
2573 1107 3667 1350 l i ceuaus fu en la place amẽnes
2578 1208 3469 1474 .h̾. pensa sa rusfin esgarde
2564 1240 3731 1529 h e bons ceuaus dist. heruis . li senes
2578 1359 3607 1612 par seroie courecies ⁊ ires
2578 1401 3754 1713 s e uous esties ne mors ne asfoles
2587 1483 3782 1800 t hieri apelle biax amis cha uenes
2592 1589 3750 1869 a ceste fois mon ceual garderes
2582 1681 3763 1993 .i. autre uoel auoec etna ꝯumo
2592 1938 3809 2154 d ist . thieris . sire si ꝯ uous ꝯmandes
3318 1926 3872 2085 moi comener
2578 2039 3754 2237 .i . sor destrier li ont fait enseler
2601 2127 3727 2297 f ort ⁊ legier ⁊ isnel pour aler
2592 2209 3846 2384 c ouert dun paile arrabiant sasfre
2573 2292 3846 2485 h eruix. i monte qua estrier nẽ sot gre
2582 2379 3690 2517 a son col pent .i. fort escu boucle
2595 2465 3839 2649 e n son poing prent .i. fort espiel qͣre
2582 2568 3690 2696 a .u. clox dor .i. confanon ferme
2587 2641 3713 2788 l i quens de bar a sa gent apelle
2578 2738 3731 2852 l e duc sanson qui tant fait a loer
2573 2825 3754 2949 ⁊ dist li quens cousins or mescoutes
2596 2898 3708 3041 f aisons armer .ii . mil. de nos pͥues
2573 2963 3745 3119 c ar trop redouch le traitour proiuie
2573 3041 3676 3229 Q̾ il nassaillent .h̃. le duc membre
2569 3128 3718 3303 c ar escot st̾ tont traitre mortel
2587 3188 3809 3376 c ertes dist sansses bñ fait acreanter
2564 3289 3598 3477 s i ꝯ li quens lot dit ⁊ deuize
2585 3369 3768 3558 e nsi la fait sanses li dus membres
2564 3459 3626 3620 e t li galois ne se sont arreste
2582 3500 3832 3725 d usca .xx. mille font de lor gent armer
2596 3606 3740 3813 e n .i. agait la les font esconser
2582 3661 3786 3886 t out pour ocire .h̾. le duc membre
2578 3744 3832 3987 m ais mot nen sot li ce as dus natiures
2745 3960 3759 4266 re escoutes pour diu qui ne menti
2587 4148 3685 4419 l a combatront li doi baron de pris
2729 4093 3653 4327 pres du castel em̃i .i. passeis
2573 4231 3690 4493 c hil dou castel les ont mlt̃ bñ coisis
2573 4323 3589 4534 l i rois oudars ꝯtre le duc salli
2573 4428 3682 4633 Q ntͣ il fu pres si escrie a haus cris
4559 509 5349 638 f ix de uilain de la mort te desfi
4549 588 5326 716 r ois orguillous ce li a dit. h̾uils.
4531 656 5446 776 m ar le pensastes se diu plaist ⁊ ie uif
4604 730 5202 845 nͣt li baron se furent desfie
4480 730 4610 877 Q
4591 799 5340 932 li rois ondars laist le destrier aler
4480 836 5427 1015 l i sors bauchans le prent a randoner
4457 914 5197 1084 ⁊ .h̾. broce le destrier abrieue
4430 973 5354 1189 s i sentremenẽt ꝯme anemi mortel
4384 1033 5395 1286 g nsͣ cox se donnẽt sor les escus boucles
4352 1102 5427 1382 d esous les boucles les ont fraĩs ⁊ troes
4320 1153 5381 1465 l es lances brisent outre sen sont ale
4297 1240 5377 1562 c ascuus atrant le branc dacier letre
4274 1313 5321 1635 l i rois oudars la premiers assene
4241 1382 5303 1718 ⁊ fiert heruil. sor son elme gemme
4177 1456 5340 1837 Q̾ flours ⁊ pierres en a ius crauence
4205 1787 5271 2081 h eruix. bronca ⁊ li cox est coules
4223 1901 5326 2150 d roit sor le col del destrier seiourne
4218 1998 5372 2232 l archon trencha qua or fu paintures
4246 2085 5298 2283 a u bon destrier a le col trouchonne
4269 2159 5230 2361 l i ceuaus chiet ⁊.h̾. ens el pre
4274 2232 5344 2434 c raite a lespee au poing dor noiele
4292 2333 5234 2490 l i rois li uient de ferir entezes
4278 2430 5285 2572 a uois escrie fel glous ni garires
4292 2508 5266 2673 h eruis loi le sens cuide deruer
4407 2595 5128 2728 r fu .h̾. apie el pre flouri
4274 2634 4423 2779 O
4411 2660 5455 2807 li rois lapresse qui tiẽt le branc forbi
4375 2756 5358 2894 d ix consetient li damoisiax gentis
4384 2834 5367 2972 .i. tour li fait car mlt̾ sot descrenur
4393 2909 5401 3053 l escu embrace ⁊ tint le brãc fourbi
4379 2963 5069 3133 f erir uoloit le roi poesteis
4375 3045 5257 3225 m ais il ne pot a son elme auenir
4370 3119 5455 3316 d errier les paule li bons brãs descendi
4359 3218 5315 3411 t rence les kine dou destrier arrabi
4324 3284 5289 3486 l i ceuaus chiet ⁊ li rois ius flati
4315 3362 5262 3583 ⁊ qntͣ le uoit li gentis dus. heruis .
4301 3441 5303 3661 n e fust si lies pour lor de .x. pais
4366 3523 5202 3744 r fu li rois apie emmi le pre
4230 3494 4370 3665 O
4356 3606 5390 3877 Giains ⁊ dolems sot mlt̾ le cuer ẽfle
4297 3831 5317 4130 l e bon bauchant a pris a regreter
4333 3923 5432 4212 h e bons ceuaus tant iour serui maue̾
4333 4042 5372 4290 f el glous dist il por coi le mas tue
4347 4125 5354 4378 l e ur̃e cors le coniuent comꝑarer
4384 4208 5326 4405 e t dist .heruix. fel rois ⁊ pariures
4411 4281 5349 4511 l e mien tuastes q̃ mix pooie emer
4434 4364 5441 4603 t out p̾merains qua moi uenis capler
5655 551 5874 748 O
5878 565 6856 684 r sont apie li baron en la place
5707 693 6962 840 d e lors espees souuent fierẽt ⁊ caplet
5859 633 6967 762 Qͥ lor ueist demener gnͣt barnage
5694 794 6999 923 ⁊ si detrencent lors haubers ⁊lor hiaumes
5685 868 7004 996 o tre lors cox ne puet durer nulearme
5675 941 6999 1061 t restout detrencent bericles esmerandes
5827 1033 6783 1153 ier st̾ li caple ⁊ li estor mortel
5809 1107 6847 1231 li dus .heruix. a lescu haut leue
5666 1194 6723 1327 l i rois ifiert .i. cop desmesure
5580 1022 5823 1387 P
5666 1277 6765 1415 l e camp cuida a cel cop afiner
5643 1364 6723 1493 f erir cuida .h̾. le duc membre
5639 1465 6732 1607 m ais .h̾. a si son poindre haste
5639 1539 6765 1663 e ns en la pẽne la li rois assene
5634 1635 6659 1759 d e son escu .i. cop desmesure
5620 1713 6852 1842 Q̾ il a tout son bon branc defroue
5629 1810 6696 1929 Q̾ lalemele uola emmi le pre
5620 1883 6843 1993 l i rois le uoit le sens cuide deruer
5648 1961 6870 2090 Q uar il cuida son tans auoir uze
5657 2058 6581 2182 h̾ . lapelle ꝯ ia oir porres
5643 2136 6875 2260 ꝑ foi fel rois ore estes uous mates
5643 2214 7004 2338 l i ur̃es brans ne uous puet mais tẽser
5634 2306 6856 2421 m ar ientrastes dedens mes hyretes
5657 2393 6843 2517 l i rois oudars fu forment esfraes
5634 2480 6765 2604 e nuers. h̾. fust uolentiers ales
5643 2558 6935 2696 t ant quil leust ases .ii. puins ꝯbre
5643 2650 6714 2793 ⁊ ala terre le peust crauenter
5643 2738 6810 2871 m ais .h̾. tint le rice branc letre
5648 2839 6879 2958 d e lescremie sauoit a gnͣt plente
5648 2917 6879 3045 l i rois redoute le bon branc acere
5643 3004 6696 3151 h̾. nel uolt touchier ne adeser
5634 3091 6755 3238 a nchois lapelle ꝯ ia oir porres
5634 3188 6893 3330 r ois orguillous dist .h̾ . li membres
5643 3271 6961 3408 c es brans est frains ꝑmi le heu dore
5634 3358 6852 3496 n e te ferroie pour lor de .x. cites
5625 3454 6788 3588 ⁊ p᷑ itant que tu ies desarmes
5616 3523 6939 3684 u a tost requerre .i. branc dacier letre
5616 3615 6907 3771 i e tatendrai dusques auretourner
5611 3698 6930 3859 ⁊ dist li rois tu me fais gnͣt bonte
5616 3780 6902 3937 i snelement est uers lost retournes
5616 3877 6732 4015 r ois anseys le ceual laist aler
5629 3969 6686 4102 u ers sou neueu si li a escrie
5625 4024 6962 4185 b iax tres dous mẽs p᷑ diu ne me celes
5629 4116 6935 4277 a ues pais faite a heruil le membre
5625 4202 6945 4349 n aie uoir oncles onques ne fũ pense
5616 4278 6994 4465 m ais errãment .i. bon branc me dõnes
4764 4845 4966 4998 11C
7276 661 7420 774 163
