<?xml version="1.0" encoding="UTF-8"  standalone="yes"?>
<PcGts xmlns="http://schema.primaresearch.org/PAGE/gts/pagecontent/2019-07-15" xmlns:xsi="http://www.w3.org/2001/XMLSchema-instance" xsi:schemaLocation="http://schema.primaresearch.org/PAGE/gts/pagecontent/2019-07-15 http://schema.primaresearch.org/PAGE/gts/pagecontent/2019-07-15/pagecontent.xsd">
  <Metadata>
	<Creator>escriptorium</Creator>
	<Created>2023-11-16T13:56:46.600964+00:00</Created>
        <LastChange>2023-11-16T13:56:46.601004+00:00</LastChange>

  </Metadata>
  <Page imageFilename="IT-TO0265_MSL_II_14_Tome_01_0097.jpg" imageWidth="8107" imageHeight="5513">

    
    <TextRegion id="eSc_textblock_ad150dd4"  custom="structure {type:MainZone#1;}">
      <Coords points="1082,649 1213,4532 1769,4528 2445,4531 2481,4284 2483,3889 2468,2614 2509,2394 2494,2220 2479,1845 2309,592"/>
      
      
      <TextLine id="eSc_line_d8d1bad9" >
        <Coords points="1162,762 1162,794 2104,684 2104,643 2086,555 1148,679 1162,762"/>
        <Baseline points="1164,766 2107,646"/>
        <TextEquiv>
          <Unicode>⁊ bounifases lipapes inocens</Unicode>
        </TextEquiv>
      </TextLine>

      
      
      <TextLine id="eSc_line_a971a61f" >
        <Coords points="1300,748 1254,753 1208,758 1162,762 1171,817 1176,877 1268,845 1346,859 1351,859 1355,859 1387,854 1852,781 2297,758 2293,702 2279,643 1314,744 1300,748"/>
        <Baseline points="1174,820 1837,749 2295,707"/>
        <TextEquiv>
          <Unicode>a hi dist elle mauuais rois recreans</Unicode>
        </TextEquiv>
      </TextLine>

      
      
      <TextLine id="eSc_line_55cb4f3a" >
        <Coords points="1158,909 1158,946 2288,840 2288,803 2274,744 1810,758 1806,758 1705,794 1700,799 1148,845 1158,909"/>
        <Baseline points="1159,912 1550,882 1902,820 2291,808"/>
        <TextEquiv conf="0.982702542753781">
          <Unicode>p our quoi iroie en ausit reposant</Unicode>
        </TextEquiv>
      </TextLine>

      
      
      <TextLine id="eSc_line_4a7606f6" >
        <Coords points="1580,879 1565,879 1504,906 1498,906 1351,906 1348,906 1345,906 1341,906 1314,924 1314,928 1158,940 1158,946 1164,995 1167,1032 1292,1004 1317,1016 1320,1016 1323,1016 1326,1016 1737,958 2288,921 2288,888 2261,830 2184,817 2181,817 1826,848 1639,888 1590,875 1580,879"/>
        <Baseline points="1164,995 1544,967 1933,903 2288,888"/>
        <TextEquiv>
          <Unicode>Q ñt ie uoi chi de mes anemis tant</Unicode>
        </TextEquiv>
      </TextLine>

      
      
      <TextLine id="eSc_line_08a30dcb" >
        <Coords points="1164,1035 1170,1075 1173,1114 1550,1084 1553,1084 1596,1068 1614,1062 1657,1062 1773,1062 1773,1059 1777,1059 1780,1059 1780,1056 1783,1056 1789,1044 1795,1038 1896,1029 1914,1029 1979,1038 1982,1038 1985,1038 1988,1038 2016,1016 2019,1016 2028,1016 2095,1022 2098,1022 2218,992 2218,970 2209,909 2068,906 2065,906 1173,1016 1164,1035"/>
        <Baseline points="1170,1075 1504,1053 1924,989 2218,970"/>
        <TextEquiv>
          <Unicode>Qͥ le mien pere ihũ le roi poissant</Unicode>
        </TextEquiv>
      </TextLine>

      
      
      <TextLine id="eSc_line_7dc3b5c9" >
        <Coords points="1191,1151 1194,1191 1292,1169 1412,1169 1446,1169 1449,1169 1452,1169 1467,1163 1513,1148 1550,1154 1571,1157 1574,1157 1577,1157 1599,1148 1639,1136 1734,1136 1819,1136 1819,1133 1823,1133 1826,1133 1826,1130 1829,1130 1832,1124 1841,1114 2080,1093 2101,1093 2202,1096 2205,1096 2209,1096 2279,1071 2279,1053 2270,992 1819,1019 1608,1062 1565,1068 1541,1068 1446,1065 1443,1065 1440,1065 1436,1065 1412,1084 1406,1087 1185,1105 1191,1151"/>
        <Baseline points="1191,1151 1489,1133 1942,1071 2279,1053"/>
        <TextEquiv>
          <Unicode>m irent en crois ⁊ le batirenc tant</Unicode>
        </TextEquiv>
      </TextLine>

      
      
      <TextLine id="eSc_line_b14d18a0" >
        <Coords points="1176,1231 1176,1277 2297,1176 2297,1143 2284,1070 1167,1157 1176,1231"/>
        <Baseline points="1181,1234 1893,1163 2300,1145"/>
        <TextEquiv>
          <Unicode>⁊ li ꝑ chierent les costes ⁊ les flans</Unicode>
        </TextEquiv>
      </TextLine>

      
      
      <TextLine id="eSc_line_789db703" >
        <Coords points="2261,1148 2233,1148 1162,1249 1171,1318 1171,1359 2297,1245 2297,1226 2284,1148 2261,1148"/>
        <Baseline points="1175,1320 2046,1240 2300,1231"/>
        <TextEquiv>
          <Unicode>d im roit espiel ⁊ ferre ⁊ trenchant</Unicode>
        </TextEquiv>
      </TextLine>

      
      
      <TextLine id="eSc_line_79c0d160" >
        <Coords points="2288,1231 2242,1231 2196,1231 1190,1336 1199,1405 1204,1456 2339,1336 2339,1300 2325,1217 2288,1217 2288,1231"/>
        <Baseline points="1204,1408 1250,1402 1335,1396 2028,1323 2343,1304"/>
        <TextEquiv>
          <Unicode>n eplace a dieu quine faut ne nemẽt</Unicode>
        </TextEquiv>
      </TextLine>

      
      
      <TextLine id="eSc_line_9e93ee9c" >
        <Coords points="1210,1485 1213,1525 2307,1415 2307,1396 2291,1313 2209,1341 2043,1341 1970,1341 1967,1341 1963,1341 1945,1350 1921,1365 1789,1369 1672,1372 1669,1372 1645,1384 1626,1393 1617,1387 1602,1375 1599,1375 1596,1375 1593,1375 1590,1375 1544,1393 1522,1405 1204,1430 1210,1485"/>
        <Baseline points="1210,1485 1997,1408 2307,1396"/>
        <TextEquiv>
          <Unicode>Q̾ ie retourne iamais en mõ uinant</Unicode>
        </TextEquiv>
      </TextLine>

      
      
      <TextLine id="eSc_line_3ab323cb" >
        <Coords points="2279,1396 2233,1396 2187,1401 2150,1401 1181,1493 1190,1566 1190,1617 2399,1502 2399,1460 2385,1378 2279,1387 2279,1396"/>
        <Baseline points="1194,1568 1694,1516 2402,1465"/>
        <TextEquiv>
          <Unicode>s e seront mi drap de mes plaies sãglãt</Unicode>
        </TextEquiv>
      </TextLine>

      
      
      <TextLine id="eSc_line_b5069e72" >
        <Coords points="1204,1658 1204,1699 2100,1612 2100,1575 2086,1497 1194,1589 1204,1658"/>
        <Baseline points="1205,1660 2104,1580"/>
        <TextEquiv>
          <Unicode>⁊ q̃diront lipetit ⁊ ligrant</Unicode>
        </TextEquiv>
      </TextLine>

      
      
      <TextLine id="eSc_line_3bc348c6" >
        <Coords points="1222,1750 1222,1782 2339,1699 2339,1649 2325,1562 1213,1663 1222,1750"/>
        <Baseline points="1225,1751 1418,1718 2340,1650"/>
        <TextEquiv>
          <Unicode>a pres mamort q̃ ien a rai fait tãt</Unicode>
        </TextEquiv>
      </TextLine>

      
      
      <TextLine id="eSc_line_b185f173" >
        <Coords points="1240,1750 1236,1745 1194,1745 1204,1823 1204,1869 2339,1773 2339,1741 2330,1667 1263,1741 1240,1750"/>
        <Baseline points="1207,1828 1262,1825 1320,1822 2340,1742"/>
        <TextEquiv>
          <Unicode>b lasme nẽ aie doume quet essient</Unicode>
        </TextEquiv>
      </TextLine>

      
      
      <TextLine id="eSc_line_23318f5e" >
        <Coords points="1207,1960 1262,1941 1378,1950 1381,1950 1384,1950 1387,1950 1421,1935 1642,1935 1651,1935 1651,1932 1654,1932 1657,1932 1657,1929 1669,1917 1691,1929 1694,1929 1697,1929 1700,1929 1743,1908 1780,1923 1783,1923 1786,1923 1789,1923 1921,1895 2046,1905 2049,1905 2052,1905 2107,1883 2221,1892 2224,1892 2227,1892 2276,1871 2307,1886 2310,1886 2313,1886 2454,1877 2454,1828 2444,1748 2233,1782 2083,1779 2080,1779 2077,1779 2074,1779 1933,1810 1850,1797 1823,1794 1819,1794 1816,1794 1789,1803 1718,1825 1580,1819 1513,1819 1510,1819 1507,1819 1504,1819 1492,1828 1467,1843 1320,1852 1292,1843 1250,1831 1246,1831 1243,1831 1240,1831 1237,1831 1237,1834 1219,1849 1213,1859 1201,1852 1204,1914 1207,1960"/>
        <Baseline points="1204,1914 2454,1828"/>
        <TextEquiv>
          <Unicode>n enus iougleres mauuaisemẽt nẽchãt</Unicode>
        </TextEquiv>
      </TextLine>

      
      
      <TextLine id="eSc_line_76835023" >
        <Coords points="1217,1998 1217,2035 2284,1966 2284,1924 2270,1842 1208,1934 1217,1998"/>
        <Baseline points="1222,2002 2022,1938 2288,1929"/>
        <TextEquiv>
          <Unicode>⁊ se ie miuir a che ꝯimẽchemont</Unicode>
        </TextEquiv>
      </TextLine>

      
      
      <TextLine id="eSc_line_3cf7eec7" >
        <Coords points="1222,2071 1227,2127 1300,2099 1360,2117 1364,2117 1369,2117 1374,2117 1461,2090 1498,2108 1502,2108 1507,2108 2114,2053 2417,2053 2421,1998 2412,1920 1217,2003 1222,2071"/>
        <Baseline points="1224,2076 2426,1999"/>
        <TextEquiv>
          <Unicode>l i angle emporterõt mame chantãt</Unicode>
        </TextEquiv>
      </TextLine>

      
      
      <TextLine id="eSc_line_834c32da" >
        <Coords points="1190,2168 1190,2214 2412,2122 2417,2090 2408,2016 1185,2094 1190,2168"/>
        <Baseline points="1193,2171 1859,2119 2420,2094"/>
        <TextEquiv>
          <Unicode>p euuꝰ ramenbre tou .gꝰ. baptizement</Unicode>
        </TextEquiv>
      </TextLine>

      
      
      <TextLine id="eSc_line_5cd8f472" >
        <Coords points="1225,2165 1222,2147 1194,2147 1201,2254 1201,2284 1430,2284 1430,2281 1433,2281 1482,2266 1504,2260 1528,2263 1593,2272 1596,2272 1697,2254 1728,2248 1740,2251 1773,2263 1777,2263 1780,2263 1783,2263 1786,2263 1804,2248 1807,2241 1954,2235 1982,2235 2126,2245 2129,2245 2132,2245 2181,2223 2181,2205 2172,2125 2117,2116 2114,2116 2111,2116 2107,2116 2098,2125 2083,2137 2071,2125 2065,2122 2061,2122 2058,2122 2055,2122 2052,2122 2049,2122 2043,2128 2009,2150 1878,2134 1875,2134 1872,2134 1792,2159 1773,2140 1770,2140 1767,2140 1764,2140 1761,2140 1703,2165 1565,2150 1562,2150 1559,2150 1556,2150 1519,2177 1433,2165 1430,2165 1427,2165 1354,2183 1302,2147 1302,2143 1299,2143 1296,2143 1292,2143 1225,2147 1225,2165"/>
        <Baseline points="1201,2254 1770,2217 2181,2205"/>
        <TextEquiv>
          <Unicode>Q̾ uꝰ sist dx̃ dedens troie lagnͣt</Unicode>
        </TextEquiv>
      </TextLine>

      
      
      <TextLine id="eSc_line_1e4bac0a" >
        <Coords points="1204,2364 1605,2364 1608,2364 1611,2364 1636,2346 1639,2343 1654,2343 1777,2355 1780,2355 1783,2355 1786,2355 1816,2333 1819,2333 1850,2346 1853,2346 1856,2346 1960,2327 1973,2324 1982,2324 2046,2339 2049,2339 2052,2339 2092,2318 2098,2315 2236,2309 2239,2287 2230,2205 2003,2248 1942,2220 1939,2220 1936,2220 1801,2226 1798,2226 1795,2226 1715,2263 1626,2235 1620,2235 1617,2235 1614,2235 1611,2235 1608,2235 1608,2238 1568,2272 1253,2287 1201,2260 1204,2343 1204,2364"/>
        <Baseline points="1204,2343 2239,2287"/>
        <TextEquiv>
          <Unicode>b aptiz auꝰ entre uꝰ ⁊ uo gent.</Unicode>
        </TextEquiv>
      </TextLine>

      
      
      <TextLine id="eSc_line_2f513417" >
        <Coords points="1213,2430 1213,2467 2385,2388 2385,2356 2376,2278 1204,2347 1213,2430"/>
        <Baseline points="1217,2431 2389,2361"/>
        <TextEquiv>
          <Unicode>o r lirendes hui mlt̾ maunaisement</Unicode>
        </TextEquiv>
      </TextLine>

      
      
      <TextLine id="eSc_line_2aaad52d" >
        <Coords points="1208,2508 1208,2549 2486,2499 2486,2444 2472,2361 1204,2439 1208,2508"/>
        <Baseline points="1212,2512 2487,2447"/>
        <TextEquiv>
          <Unicode>c aruos cheuaus ceur huiml̾̾t maisemẽt</Unicode>
        </TextEquiv>
      </TextLine>

      
      
      <TextLine id="eSc_line_f39d35b7" >
        <Coords points="1227,2600 1227,2650 2444,2563 2444,2531 2431,2453 1217,2522 1227,2600"/>
        <Baseline points="1230,2603 2448,2535"/>
        <TextEquiv>
          <Unicode>p enses deuous uous roit traire agarãt</Unicode>
        </TextEquiv>
      </TextLine>

      
      
      <TextLine id="eSc_line_5da6b9e6" >
        <Coords points="1207,2689 1207,2722 2205,2670 2205,2640 2196,2572 1651,2597 1599,2584 1596,2584 1593,2584 1590,2584 1522,2615 1436,2597 1433,2597 1430,2597 1394,2609 1317,2581 1308,2578 1305,2578 1302,2578 1201,2581 1207,2689"/>
        <Baseline points="1207,2689 1758,2652 2205,2640"/>
        <TextEquiv>
          <Unicode>Q̾ ie croibñ de moi est il noient</Unicode>
        </TextEquiv>
      </TextLine>

      
      
      <TextLine id="eSc_line_3626d700" >
        <Coords points="1208,2756 1208,2793 2458,2761 2458,2710 2444,2646 1204,2692 1208,2756"/>
        <Baseline points="1210,2759 1274,2756 1335,2756 2463,2713"/>
        <TextEquiv>
          <Unicode>c ar mes ma melles gisent ia ẽ mõ sant</Unicode>
        </TextEquiv>
      </TextLine>

      
      
      <TextLine id="eSc_line_543c68a4" >
        <Coords points="1217,2825 1217,2875 2389,2852 2389,2793 2376,2738 1213,2761 1217,2825"/>
        <Baseline points="1218,2828 2391,2797"/>
        <TextEquiv>
          <Unicode>a hy cest mot lait coure lauferant</Unicode>
        </TextEquiv>
      </TextLine>

      
      
      <TextLine id="eSc_line_31c937a6" >
        <Coords points="1240,2977 1317,2952 1424,2967 1464,2970 1467,2970 1470,2970 1504,2961 1562,2946 1593,2955 1617,2964 1620,2964 1623,2964 1761,2946 1881,2931 1985,2934 2242,2940 2245,2940 2248,2940 2362,2909 2362,2894 2356,2826 2083,2823 2080,2823 1957,2839 1893,2845 1878,2839 1856,2833 1853,2833 1850,2833 1847,2833 1844,2833 1844,2836 1841,2836 1838,2842 1832,2848 1804,2842 1773,2836 1770,2836 1706,2845 1614,2857 1562,2848 1541,2845 1538,2845 1501,2848 1378,2866 1231,2857 1237,2931"/>
        <Baseline points="1237,2931 2046,2894 2362,2894"/>
        <TextEquiv>
          <Unicode>ẽ la gnͣt presse seferi maintenant</Unicode>
        </TextEquiv>
      </TextLine>

      
      
      <TextLine id="eSc_line_94cb3018" >
        <Coords points="1222,3013 1222,3047 1752,3041 1850,3026 1887,3019 1893,3022 1911,3035 1914,3035 1917,3035 1921,3035 2166,3026 2169,3026 2172,3026 2196,3010 2202,3007 2236,3010 2368,3019 2371,3019 2463,2998 2463,2970 2457,2918 2300,2906 2297,2906 2294,2906 2291,2906 2291,2909 2276,2921 2022,2915 2019,2915 1237,2955 1222,2995"/>
        <Baseline points="1222,3013 2463,2970"/>
        <TextEquiv>
          <Unicode>d estre asenestre ua iuis detrenchant</Unicode>
        </TextEquiv>
      </TextLine>

      
      
      <TextLine id="eSc_line_b9561951" >
        <Coords points="1231,3108 1231,3145 2432,3099 2432,3062 2420,2989 2340,3007 2218,2998 2187,2995 2184,2995 2181,2995 2166,2998 2101,3016 1988,3007 1951,3004 1948,3004 1623,3016 1620,3016 1596,3022 1541,3041 1225,3041 1231,3108"/>
        <Baseline points="1231,3108 2432,3062"/>
        <TextEquiv>
          <Unicode>Qͥ q̃lle ataint na de mort nul garant</Unicode>
        </TextEquiv>
      </TextLine>

      
      
      <TextLine id="eSc_line_666d86b1" >
        <Coords points="1217,3183 1217,3234 2288,3179 2288,3151 2274,3082 1213,3110 1217,3183"/>
        <Baseline points="1221,3184 2291,3154"/>
        <TextEquiv>
          <Unicode>⁊ añt le uoit li fors rois a fillans</Unicode>
        </TextEquiv>
      </TextLine>

      
      
      <TextLine id="eSc_line_3e7079f6" >
        <Coords points="1222,3257 1222,3298 2330,3280 2330,3229 2316,3169 1217,3197 1222,3257"/>
        <Baseline points="1227,3260 2331,3234"/>
        <TextEquiv>
          <Unicode>l i fis erode li bastars soudoi ans</Unicode>
        </TextEquiv>
      </TextLine>

      
      
      <TextLine id="eSc_line_5b6edf14" >
        <Coords points="1236,3330 1240,3390 1291,3367 1415,3385 1429,3385 1433,3385 2463,3353 2467,3303 2454,3248 1231,3271 1236,3330"/>
        <Baseline points="1239,3331 2472,3307"/>
        <TextEquiv>
          <Unicode>l e destrier broche ⁊ met lesai auant</Unicode>
        </TextEquiv>
      </TextLine>

      
      
      <TextLine id="eSc_line_d2f556ab" >
        <Coords points="1222,3431 1222,3468 2403,3450 2403,3404 2389,3339 1217,3362 1222,3431"/>
        <Baseline points="1224,3436 2405,3408"/>
        <TextEquiv conf="0.996638245052762">
          <Unicode>⁊ fiert la dame en sõ pis de deuant</Unicode>
        </TextEquiv>
      </TextLine>

      
      
      <TextLine id="eSc_line_71fd51bc" >
        <Coords points="1236,3514 1236,3569 2408,3551 2412,3491 2399,3422 1231,3450 1236,3514"/>
        <Baseline points="1240,3517 2417,3495"/>
        <TextEquiv>
          <Unicode>a rmes quil ot ne li ot nul garant</Unicode>
        </TextEquiv>
      </TextLine>

      
      
      <TextLine id="eSc_line_fd826aad" >
        <Coords points="1231,3615 1231,3661 2454,3629 2458,3588 2444,3514 1227,3542 1231,3615"/>
        <Baseline points="1236,3618 2025,3595 2250,3595 2460,3589"/>
        <TextEquiv>
          <Unicode>ꝑ mi le cors limet lespiel trenchant</Unicode>
        </TextEquiv>
      </TextLine>

      
      
      <TextLine id="eSc_line_f89837d4" >
        <Coords points="1240,3689 1240,3725 2362,3716 2366,3670 2353,3601 1236,3624 1240,3689"/>
        <Baseline points="1245,3690 2371,3675"/>
        <TextEquiv conf="0.995576684965807">
          <Unicode>q ue il la dente ꝑ de sus auferant</Unicode>
        </TextEquiv>
      </TextLine>

      
      
      <TextLine id="eSc_line_a004d3b7" >
        <Coords points="1253,3776 1253,3816 1338,3800 1544,3813 1550,3813 1553,3813 1556,3813 1559,3813 1584,3797 1712,3813 1731,3813 1734,3813 1749,3813 1835,3797 1973,3810 1994,3810 1997,3810 2000,3810 2003,3810 2022,3794 2052,3810 2058,3810 2061,3810 2065,3810 2068,3810 2071,3810 2071,3807 2095,3791 2334,3803 2337,3764 2328,3702 1250,3718 1253,3776"/>
        <Baseline points="1253,3776 2337,3764"/>
        <TextEquiv>
          <Unicode>Q ũe son coste len remet .i. esp an</Unicode>
        </TextEquiv>
      </TextLine>

      
      
      <TextLine id="eSc_line_21ad2a80" >
        <Coords points="1236,3863 1236,3891 2265,3882 2270,3849 2256,3790 1231,3794 1236,3863"/>
        <Baseline points="1237,3868 2273,3852"/>
        <TextEquiv>
          <Unicode>⁊ la roine ne se ua esnaiant</Unicode>
        </TextEquiv>
      </TextLine>

      
      
      <TextLine id="eSc_line_77d13acd" >
        <Coords points="1254,3955 1254,3983 2458,3992 2467,3946 2454,3868 1250,3882 1254,3955"/>
        <Baseline points="1256,3960 1391,3955 2472,3947"/>
        <TextEquiv>
          <Unicode>d e mille an gousse que elle ua sentãt</Unicode>
        </TextEquiv>
      </TextLine>

      
      
      <TextLine id="eSc_line_99aad29d" >
        <Coords points="1253,4048 1256,4085 1317,4070 1424,4082 1440,4082 1443,4082 1446,4082 1452,4082 1501,4067 1645,4076 1706,4079 1709,4079 2408,4055 2411,4033 2405,3978 2245,3960 2242,3960 2160,3975 2144,3978 2138,3975 2111,3963 2107,3963 2104,3963 1963,3975 1844,3984 1679,3972 1605,3969 1602,3969 1541,3972 1311,3990 1250,3972 1253,4048"/>
        <Baseline points="1253,4048 2411,4033"/>
        <TextEquiv>
          <Unicode>a .ii.mains lieue ioioue se le uaillant</Unicode>
        </TextEquiv>
      </TextLine>

      
      
      <TextLine id="eSc_line_c3ec1bf0" >
        <Coords points="1259,4116 1259,4171 2279,4148 2284,4102 2270,4047 1254,4056 1259,4116"/>
        <Baseline points="1260,4120 2287,4106"/>
        <TextEquiv conf="0.987609424898701">
          <Unicode>⁊ ua ferir le fort roi asillant</Unicode>
        </TextEquiv>
      </TextLine>

      
      
      <TextLine id="eSc_line_c1ba6ed1" >
        <Coords points="1250,4203 1250,4245 2412,4240 2417,4199 2403,4130 1245,4134 1250,4203"/>
        <Baseline points="1254,4208 2420,4202"/>
        <TextEquiv>
          <Unicode>l iaume li trenche laoife ꝑ deuãt</Unicode>
        </TextEquiv>
      </TextLine>

      
      
      <TextLine id="eSc_line_af24f65b" >
        <Coords points="1245,4281 1240,4327 2472,4323 2477,4290 2477,4212 1245,4203 1245,4281"/>
        <Baseline points="1248,4283 2481,4294"/>
        <TextEquiv>
          <Unicode>i usq̃s ou pis le na toit pour fendant</Unicode>
        </TextEquiv>
      </TextLine>

      
      
      <TextLine id="eSc_line_11bcb1e2" >
        <Coords points="1240,4373 1237,4395 2402,4401 2408,4379 2408,4327 1823,4303 1819,4303 1240,4318 1240,4373"/>
        <Baseline points="1240,4373 2408,4379"/>
        <TextEquiv>
          <Unicode>m ort le tresbuche si tres hastinement</Unicode>
        </TextEquiv>
      </TextLine>

      
      
      <TextLine id="eSc_line_a240b9a2" >
        <Coords points="1246,4419 1246,4447 1243,4483 1289,4502 1292,4502 1296,4502 1507,4486 1541,4486 1556,4490 1620,4505 1623,4505 1626,4505 1810,4496 1927,4490 1939,4499 1945,4505 1948,4505 1951,4505 1954,4505 1982,4499 2016,4493 2371,4508 2377,4456 2374,4404 2000,4385 1997,4385 1679,4398 1663,4398 1626,4382 1623,4382 1620,4382 1262,4395 1246,4419"/>
        <Baseline points="1246,4447 2377,4456"/>
        <TextEquiv>
          <Unicode>Q̾ a sa boiste na nul re oiurement</Unicode>
        </TextEquiv>
      </TextLine>

      
    </TextRegion>
    
    <TextRegion id="eSc_textblock_58b72093"  custom="structure {type:MainZone#2;}">
      <Coords points="3680,4589 3883,3286 3925,2212 3718,583 2375,545 2462,1393 2546,2914 2519,4559"/>
      
      
      <TextLine id="eSc_line_8dac852e" >
        <Coords points="3584,578 3538,574 3492,574 3446,574 3400,574 3354,569 3308,569 3263,569 3217,569 3171,565 3125,565 3079,565 3033,560 2987,560 2941,560 2895,560 2849,555 2803,555 2757,555 2711,555 2665,551 2619,551 2573,551 2394,551 2394,629 2389,666 2541,647 2601,670 2605,670 2610,670 3005,652 3598,675 3607,633 3598,578 3584,578"/>
        <Baseline points="2398,633 2840,606 3290,637 3609,634"/>
        <TextEquiv>
          <Unicode>Q̾ que nus chante enfab̶le nen roumans</Unicode>
        </TextEquiv>
      </TextLine>

      
      
      <TextLine id="eSc_line_9c773bdd" >
        <Coords points="3428,638 3382,638 3336,638 3290,638 3244,633 3198,629 3152,624 3106,624 3083,620 2651,611 2647,615 2601,620 2555,620 2509,624 2463,629 2417,629 2421,693 2421,748 2757,712 3465,730 3474,689 3469,638 3428,638"/>
        <Baseline points="2426,698 2947,673 3475,691"/>
        <TextEquiv>
          <Unicode>e n celle boiste futo us li reuo auans</Unicode>
        </TextEquiv>
      </TextLine>

      
      
      <TextLine id="eSc_line_9c1a6b67" >
        <Coords points="3557,693 3511,693 3465,693 3423,689 3377,689 3373,689 3327,689 3313,684 2863,679 2858,679 2408,712 2412,790 2412,813 2633,826 2637,826 2642,826 2697,813 2794,785 3102,781 3635,803 3639,762 3635,693 3557,689 3557,693"/>
        <Baseline points="2417,792 2999,747 3642,765"/>
        <TextEquiv>
          <Unicode>d oudisne baime dont dx̃ ot oins les flans</Unicode>
        </TextEquiv>
      </TextLine>

      
      
      <TextLine id="eSc_line_e13e5797" >
        <Coords points="3538,762 3492,762 3446,758 3400,758 3354,758 3308,753 3263,753 3217,753 3171,753 3125,748 3079,748 3033,748 2987,748 2973,748 2592,785 2587,785 2582,785 2582,790 2578,790 2564,808 2435,794 2444,882 2444,905 3083,849 3547,849 3552,822 3547,762 3538,762"/>
        <Baseline points="2446,884 3103,817 3557,823"/>
        <TextEquiv>
          <Unicode>i e ne dimie ne soĩt de del samblant</Unicode>
        </TextEquiv>
      </TextLine>

      
      
      <TextLine id="eSc_line_38a96544" >
        <Coords points="3272,817 3226,817 3212,817 2467,877 2444,882 2454,950 2454,978 3327,909 3327,886 3318,817 3272,817"/>
        <Baseline points="2456,953 3149,891 3328,888"/>
        <TextEquiv>
          <Unicode>⁊ la roine le ua a ꝑceuant</Unicode>
        </TextEquiv>
      </TextLine>

      
      
      <TextLine id="eSc_line_3025be19" >
        <Coords points="3423,886 3377,886 3331,886 3286,886 3281,886 2458,955 2467,1038 2472,1084 2536,1052 2660,1070 2665,1070 2670,1070 2688,1070 3079,1010 3612,1006 3612,964 3603,891 3428,886 3423,886"/>
        <Baseline points="2469,1042 3094,977 3615,967"/>
        <TextEquiv>
          <Unicode>l ors preit la boiste si le ua des frumant</Unicode>
        </TextEquiv>
      </TextLine>

      
      
      <TextLine id="eSc_line_044162cb" >
        <Coords points="3603,969 3557,969 3511,969 3465,969 3419,969 3373,969 3327,973 3281,973 3235,973 3189,973 2739,1038 2647,1047 2628,1047 2546,1024 2541,1024 2536,1024 2532,1024 2458,1052 2467,1130 2472,1171 3626,1061 3630,1047 3621,960 3603,960 3603,969"/>
        <Baseline points="2471,1132 3250,1050 3633,1050"/>
        <TextEquiv>
          <Unicode>t rueise l basme sisen ua tost oindant</Unicode>
        </TextEquiv>
      </TextLine>

      
      
      <TextLine id="eSc_line_6e24c1cc" >
        <Coords points="3345,1052 3318,1052 2477,1139 2486,1208 2486,1258 3377,1157 3377,1120 3364,1052 3345,1052"/>
        <Baseline points="2489,1212 3381,1122"/>
        <TextEquiv>
          <Unicode>r lle garisi senua ioissant</Unicode>
        </TextEquiv>
      </TextLine>

      
      
      <TextLine id="eSc_line_9dc0bb17" >
        <Coords points="2653,1313 3569,1215 3569,1197 3560,1130 3514,1114 3511,1114 3508,1114 2641,1215 2650,1277"/>
        <Baseline points="2490,1286 3229,1209 3569,1197"/>
        <TextEquiv>
          <Unicode>l i tronhous liua don cors issant</Unicode>
        </TextEquiv>
      </TextLine>

      
      
      <TextLine id="eSc_line_a48d29f6" >
        <Coords points="3529,1199 3483,1199 3437,1203 3414,1203 2477,1304 2486,1378 2486,1410 3676,1295 3676,1263 3662,1176 3529,1189 3529,1199"/>
        <Baseline points="2490,1380 3345,1280 3679,1264"/>
        <TextEquiv>
          <Unicode>l a damees crie bõs rois pongnies auant</Unicode>
        </TextEquiv>
      </TextLine>

      
      
      <TextLine id="eSc_line_1d7a973e" >
        <Coords points="2504,1447 2509,1502 3488,1378 3488,1346 3474,1272 2495,1382 2504,1447"/>
        <Baseline points="2508,1448 2950,1415 3348,1356 3492,1347"/>
        <TextEquiv>
          <Unicode>d es cou f̾ist li iuis mes creant</Unicode>
        </TextEquiv>
      </TextLine>

      
      
      <TextLine id="eSc_line_a02846bb" >
        <Coords points="2509,1534 2513,1584 3708,1465 3708,1419 3695,1332 2500,1460 2509,1534"/>
        <Baseline points="2511,1538 2975,1500 3428,1433 3713,1421"/>
        <TextEquiv>
          <Unicode>g rigois es rengent les escus embrachant</Unicode>
        </TextEquiv>
      </TextLine>

      
      
      <TextLine id="eSc_line_83c73354" >
        <Coords points="2518,1630 2523,1681 3570,1562 3566,1497 3547,1437 2504,1557 2518,1630"/>
        <Baseline points="2520,1635 2932,1595 3385,1528 3567,1499"/>
        <TextEquiv>
          <Unicode>⁊ h̾ cheluis qui les ua redontant</Unicode>
        </TextEquiv>
      </TextLine>

      
      
      <TextLine id="eSc_line_b9f02c9e" >
        <Coords points="2509,1722 2513,1782 3662,1635 3708,1649 3718,1594 3704,1516 2495,1640 2509,1722"/>
        <Baseline points="2510,1724 2913,1696 3465,1617 3722,1598"/>
        <TextEquiv>
          <Unicode>s onna .i.graille iuis uont retournant</Unicode>
        </TextEquiv>
      </TextLine>

      
      
      <TextLine id="eSc_line_e0ec3a58" >
        <Coords points="2532,1814 2532,1856 3589,1722 3589,1690 3575,1630 2518,1741 2532,1814"/>
        <Baseline points="2533,1816 3590,1693"/>
        <TextEquiv>
          <Unicode>⁊ la rone laisse courre le blanc</Unicode>
        </TextEquiv>
      </TextLine>

      
      
      <TextLine id="eSc_line_986b1b0c" >
        <Coords points="2536,1892 2541,1943 3543,1823 3543,1787 3529,1709 2527,1828 2536,1892"/>
        <Baseline points="2538,1896 3100,1846 3376,1797 3544,1788"/>
        <TextEquiv>
          <Unicode>s i les enchause ius quẽ Ihrl̾m</Unicode>
        </TextEquiv>
      </TextLine>

      
      
      <TextLine id="eSc_line_6a382442" >
        <Coords points="3529,1791 3511,1791 2527,1915 2541,1989 2541,2021 3019,1989 3635,1888 3635,1856 3621,1777 3529,1787 3529,1791"/>
        <Baseline points="2543,1993 2610,1984 2699,1978 3051,1944 3373,1877 3636,1859"/>
        <TextEquiv>
          <Unicode>a u rentrer ens ẽ iot de mors tant</Unicode>
        </TextEquiv>
      </TextLine>

      
      
      <TextLine id="eSc_line_48c8a9eb" >
        <Coords points="3626,1860 3580,1860 3543,1860 3217,1906 3217,1911 3171,1920 3125,1929 3079,1938 3037,1947 2991,1952 2945,1957 2899,1957 2858,1957 2532,2003 2546,2076 2555,2136 2624,2104 2739,2108 2789,2108 2794,2108 3750,1947 3745,1892 3731,1837 3626,1851 3626,1860"/>
        <Baseline points="2548,2079 3161,2015 3465,1954 3750,1896"/>
        <TextEquiv>
          <Unicode>n e les nõbrast nus hons qui soit aiuous</Unicode>
        </TextEquiv>
      </TextLine>

      
      
      <TextLine id="eSc_line_b48ca5d5" >
        <Coords points="3368,1970 3308,2007 2964,2035 2959,2035 2743,2090 2697,2076 2660,2062 2637,2067 2628,2067 2546,2099 2559,2163 2564,2218 2665,2223 2706,2223 2706,2218 3382,2094 3400,2090 3405,2090 3736,2071 3740,2071 3832,2026 3828,1975 3800,1892 3506,1975 3387,1970 3368,1970"/>
        <Baseline points="2560,2166 3168,2104 3829,1978"/>
        <TextEquiv>
          <Unicode>f rument les portes estrestiaus noncmõtãt</Unicode>
        </TextEquiv>
      </TextLine>

      
      
      <TextLine id="eSc_line_7d4e6a39" >
        <Coords points="3033,2117 2987,2122 2941,2127 2895,2131 2853,2131 2527,2168 2541,2246 2546,2301 2624,2269 2711,2283 2734,2283 2739,2283 3626,2145 3626,2117 3612,2048 3060,2108 3033,2117"/>
        <Baseline points="2544,2250 3057,2205 3452,2131 3630,2122"/>
        <TextEquiv>
          <Unicode>l i rois de gresse soune son olifant</Unicode>
        </TextEquiv>
      </TextLine>

      
      
      <TextLine id="eSc_line_c84f6dfc" >
        <Coords points="3621,2122 3575,2122 3529,2127 3520,2127 3097,2196 3074,2200 3060,2200 2532,2283 2541,2343 2555,2407 2592,2379 2729,2379 2775,2379 2775,2375 3685,2218 3681,2173 3662,2104 3621,2108 3621,2122"/>
        <Baseline points="2545,2345 3180,2269 3685,2174"/>
        <TextEquiv>
          <Unicode>s es gens apelle ⁊ les ua asamblant</Unicode>
        </TextEquiv>
      </TextLine>

      
      
      <TextLine id="eSc_line_62d80749" >
        <Coords points="2559,2439 2564,2494 3580,2324 3580,2274 3561,2205 2775,2347 2752,2347 2569,2352 2564,2352 2559,2352 2559,2356 2555,2356 2546,2361 2559,2439"/>
        <Baseline points="2561,2441 2668,2428 2711,2422 3189,2358 3422,2309 3582,2278"/>
        <TextEquiv>
          <Unicode>.xx̾. iuis amort en mi le champ</Unicode>
        </TextEquiv>
      </TextLine>

      
      
      <TextLine id="eSc_line_a50e8a6d" >
        <Coords points="3543,2301 3497,2301 3451,2306 3405,2310 3359,2320 3318,2329 3276,2333 3194,2352 3180,2361 3171,2361 3079,2384 2546,2448 2559,2517 2564,2568 2775,2563 2780,2563 2785,2563 2826,2531 2863,2545 2867,2545 2872,2545 3442,2434 3446,2434 3676,2365 3786,2365 3791,2365 3796,2365 3901,2310 3892,2246 3874,2196 3547,2269 3543,2301"/>
        <Baseline points="2563,2520 3335,2404 3896,2247"/>
        <TextEquiv>
          <Unicode>l ors sen tournerent grigois tout maĩtenãt</Unicode>
        </TextEquiv>
      </TextLine>

      
      
      <TextLine id="eSc_line_f68e753f" >
        <Coords points="3364,2411 3318,2421 3272,2425 3226,2434 3180,2439 3134,2448 3088,2453 3047,2462 3001,2467 2955,2476 2909,2480 2863,2490 2817,2494 2785,2494 2725,2503 2725,2508 2720,2503 2546,2535 2559,2609 2573,2673 2637,2632 2890,2609 3042,2591 3713,2439 3713,2398 3695,2338 3368,2393 3364,2411"/>
        <Baseline points="2560,2612 3224,2506 3224,2506 3718,2399"/>
        <TextEquiv>
          <Unicode>v̾ s oliuete en uõt tout cheminant</Unicode>
        </TextEquiv>
      </TextLine>

      
      
      <TextLine id="eSc_line_115fdfe5" >
        <Coords points="3244,2513 3203,2522 3157,2526 3111,2535 3083,2535 2569,2641 2582,2696 2587,2742 3851,2494 3846,2430 3828,2384 3244,2503 3244,2513"/>
        <Baseline points="2584,2700 3155,2618 3327,2575 3533,2520 3848,2432"/>
        <TextEquiv>
          <Unicode>Q ñt iliuinrent tenrement uont plorant</Unicode>
        </TextEquiv>
      </TextLine>

      
      
      <TextLine id="eSc_line_864e1ae2" >
        <Coords points="3341,2568 3295,2581 3253,2591 3207,2604 3161,2614 3115,2623 3069,2627 3024,2632 2982,2641 2945,2641 2573,2715 2587,2774 2596,2825 3681,2609 3676,2563 3658,2503 3391,2554 3387,2558"/>
        <Baseline points="2588,2777 3184,2685 3679,2565"/>
        <TextEquiv>
          <Unicode>n icodemus ꝑ la prumierement</Unicode>
        </TextEquiv>
      </TextLine>

      
      
      <TextLine id="eSc_line_1c2906f6" >
        <Coords points="3295,2655 3290,2650 3120,2687 3115,2705 3069,2715 3024,2719 2982,2724 2936,2733 2890,2733 2573,2802 2587,2857 2601,2931 3488,2793 3492,2793 3497,2793 3497,2788 3502,2788 3543,2738 3552,2728 3832,2673 3819,2586 3805,2540 3295,2646 3295,2655"/>
        <Baseline points="2590,2861 3030,2796 3137,2762 3242,2732 3394,2712 3594,2646 3823,2590"/>
        <TextEquiv>
          <Unicode>d auis dist il entendes mon samblant</Unicode>
        </TextEquiv>
      </TextLine>

      
      
      <TextLine id="eSc_line_ed60b8ab" >
        <Coords points="2582,2972 2569,3009 3460,3202 3814,3316 3832,3284 3851,3174 3336,3022 3331,3022 3327,3022 3226,3027 3221,3027 3217,3027 3148,2977 3143,2977 3138,2977 2601,2880 2582,2972"/>
        <Baseline points="2584,2973 2978,3053 3154,3087 3376,3144 3523,3173 3692,3243 3835,3288"/>
        <TextEquiv>
          <Unicode>v eschi le mont tout ie uous ꝑlai tant</Unicode>
        </TextEquiv>
      </TextLine>

      
      
      <TextLine id="eSc_line_63db9cc8" custom="structure {type:DropCapitalLine;}">
        <Coords points="2490,3151 2688,3169 2741,3170 2755,3039 2665,3022 2660,3022 2656,3022 2651,3022 2499,2993 2495,3133"/>
        <Baseline points="2497,3135 2706,3166"/>
        <TextEquiv>
          <Unicode>D</Unicode>
        </TextEquiv>
      </TextLine>

      
      
      <TextLine id="eSc_line_cb5b6f6a" >
        <Coords points="3745,3257 3699,3248 3653,3243 3653,3225 3322,3133 3318,3133 2757,3027 2748,3110 2739,3137 3488,3284 3759,3372 3777,3335 3791,3266 3745,3252 3745,3257"/>
        <Baseline points="2751,3111 2959,3133 3449,3243 3778,3338"/>
        <TextEquiv>
          <Unicode>auid dist il pour dieu or mẽtendes</Unicode>
        </TextEquiv>
      </TextLine>

      
      
      <TextLine id="eSc_line_4aa83ff1" >
        <Coords points="3630,3385 3612,3349 2592,3179 2587,3238 2578,3289 2716,3284 3644,3464 3653,3431 3653,3385 3630,3385"/>
        <Baseline points="2590,3240 3119,3316 3471,3390 3569,3424 3658,3433"/>
        <TextEquiv>
          <Unicode>a hi cemot quil fu cha amenẽs</Unicode>
        </TextEquiv>
      </TextLine>

      
      
      <TextLine id="eSc_line_dde6df99" >
        <Coords points="3515,3248 3479,3243 3469,3257 3465,3257 3433,3248 3308,3211 3290,3206 3244,3197 3198,3188 3166,3174 2743,3114 2734,3192 2725,3220 3267,3303 3681,3408 3690,3385 3704,3303 3543,3275 3534,3266 3515,3243 3515,3248"/>
        <Baseline points="2739,3194 2938,3212 3318,3280 3403,3307 3576,3348 3693,3390"/>
        <TextEquiv>
          <Unicode>ves ci le mont dont ie vꝰ ai ꝑ le</Unicode>
        </TextEquiv>
      </TextLine>

      
      
      <TextLine id="eSc_line_dce00706" >
        <Coords points="3607,3431 3561,3422 3520,3408 3506,3399 2987,3298 2978,3298 2932,3294 2899,3284 2569,3252 2559,3316 2550,3367 3681,3546 3690,3509 3695,3441 3649,3431 3607,3431"/>
        <Baseline points="2563,3319 3296,3430 3526,3488 3694,3512"/>
        <TextEquiv>
          <Unicode>l i dous ihũs que tant deuons amer</Unicode>
        </TextEquiv>
      </TextLine>

      
      
      <TextLine id="eSc_line_98cc07c9" >
        <Coords points="3534,3491 3488,3482 3483,3477 2582,3330 2573,3413 2564,3459 2647,3454 3612,3620 3621,3574 3626,3505 3557,3491 3534,3491"/>
        <Baseline points="2575,3417 3134,3500 3626,3575"/>
        <TextEquiv>
          <Unicode>i eut vne h̾̾be de ml̃̾t gñt dignte</Unicode>
        </TextEquiv>
      </TextLine>

      
      
      <TextLine id="eSc_line_ddfd53db" >
        <Coords points="2564,3505 2555,3542 3543,3679 3557,3633 3552,3578 2849,3477 2835,3468 2702,3427 2697,3427 2693,3427 2573,3427 2564,3505"/>
        <Baseline points="2567,3509 2668,3519 2726,3522 3345,3623 3559,3638"/>
        <TextEquiv>
          <Unicode>Q̾ maideg ore oi puis apeller</Unicode>
        </TextEquiv>
      </TextLine>

      
      
      <TextLine id="eSc_line_32f65783" >
        <Coords points="3350,3624 3322,3615 3272,3611 3258,3611 3244,3606 2573,3514 2569,3606 2564,3643 2679,3638 3451,3758 3460,3702 3460,3638 3359,3624 3350,3624"/>
        <Baseline points="2570,3611 2625,3607 2720,3611 3063,3650 3461,3705"/>
        <TextEquiv>
          <Unicode>e lle cuissoit sus tr̾e ꝑurete</Unicode>
        </TextEquiv>
      </TextLine>

      
      
      <TextLine id="eSc_line_a07deabb" >
        <Coords points="2569,3670 2559,3721 3593,3872 3603,3822 3607,3753 2610,3606 2573,3611"/>
        <Baseline points="2572,3674 3080,3749 3606,3825"/>
        <TextEquiv>
          <Unicode>⁊ alle pies ⁊ mains ⁊ bouce ⁊ nes</Unicode>
        </TextEquiv>
      </TextLine>

      
      
      <TextLine id="eSc_line_e586e656" >
        <Coords points="2573,3817 3511,3928 3524,3886 3524,3826 2587,3698 2582,3771"/>
        <Baseline points="2585,3773 2890,3803 3526,3887"/>
        <TextEquiv>
          <Unicode>d x̃ li luna tel grasce de ꝑler</Unicode>
        </TextEquiv>
      </TextLine>

      
      
      <TextLine id="eSc_line_dcf5213f" >
        <Coords points="2573,3872 2564,3905 3506,4024 3520,3969 3520,3909 2578,3790 2573,3872"/>
        <Baseline points="2576,3874 2637,3874 2720,3877 3394,3966 3522,3972"/>
        <TextEquiv>
          <Unicode>Q̾ lle elia oiant tout le barne</Unicode>
        </TextEquiv>
      </TextLine>

      
      
      <TextLine id="eSc_line_cb5c705d" >
        <Coords points="2555,4001 3612,4120 3626,4070 3626,3996 2564,3877 2564,3950"/>
        <Baseline points="2566,3953 3630,4073"/>
        <TextEquiv>
          <Unicode>o u te ñine on dous rois de maieste</Unicode>
        </TextEquiv>
      </TextLine>

      
      
      <TextLine id="eSc_line_8f19b773" >
        
        <Baseline points="3544,3889 3544,3889"/>
        <TextEquiv>
          <Unicode></Unicode>
        </TextEquiv>
      </TextLine>

      
      
      <TextLine id="eSc_line_2fd7fc7a" >
        <Coords points="2550,4079 3589,4189 3603,4148 3598,4088 2564,3969 2559,4038"/>
        <Baseline points="2564,4039 3382,4140 3606,4150"/>
        <TextEquiv>
          <Unicode>l e tien iartire ne me lai regarder</Unicode>
        </TextEquiv>
      </TextLine>

      
      
      <TextLine id="eSc_line_25f1c9ff" >
        <Coords points="2546,4107 2536,4148 3502,4267 3515,4208 3511,4157 3189,4120 2550,4047 2546,4107"/>
        <Baseline points="2548,4110 3339,4208 3520,4211"/>
        <TextEquiv>
          <Unicode>l ors uilat̾re fend̾ ⁊ es qͣrreler</Unicode>
        </TextEquiv>
      </TextLine>

      
      
      <TextLine id="eSc_line_88b793ec" >
        <Coords points="2550,4222 2546,4254 3502,4336 3511,4286 3506,4226 2555,4130 2550,4222"/>
        <Baseline points="2555,4223 2588,4217 2687,4223 3514,4290"/>
        <TextEquiv>
          <Unicode>l a maudeglore ui en t̾re tumen</Unicode>
        </TextEquiv>
      </TextLine>

      
      
      <TextLine id="eSc_line_9d3b9e98" >
        <Coords points="2532,4332 3543,4414 3557,4364 3552,4309 2541,4235 2536,4295"/>
        <Baseline points="2539,4297 2607,4303 2677,4309 3452,4373 3560,4367"/>
        <TextEquiv>
          <Unicode>t ous ces caillaus que uous iti nees</Unicode>
        </TextEquiv>
      </TextLine>

      
      
      <TextLine id="eSc_line_8b71fef0" >
        <Coords points="2536,4385 2536,4419 2595,4404 2696,4425 2717,4428 2720,4428 2745,4425 2827,4416 2932,4431 3030,4447 3033,4447 3168,4441 3183,4453 3183,4456 3186,4456 3189,4456 3394,4465 3397,4465 3400,4465 3403,4465 3425,4450 3428,4428 3428,4379 2536,4324 2536,4385"/>
        <Baseline points="2536,4385 2895,4395 3428,4428"/>
        <TextEquiv>
          <Unicode>v i iou en si fer d̾̾ ⁊ es quarteler</Unicode>
        </TextEquiv>
      </TextLine>

      
      
      <TextLine id="eSc_line_e5f69b7d" >
        <Coords points="3396,4424 3350,4424 3304,4419 3295,4414 2564,4387 2523,4410 2523,4456 2518,4511 2573,4539 2578,4539 2582,4539 2757,4525 2798,4525 2803,4529 2826,4548 2826,4552 2831,4552 2835,4552 2840,4552 2987,4543 3088,4539 3414,4575 3423,4497 3423,4424 3396,4424"/>
        <Baseline points="2524,4459 3424,4499"/>
        <TextEquiv>
          <Unicode>Q ñt li clers sans li sa li dou coste</Unicode>
        </TextEquiv>
      </TextLine>

      
    </TextRegion>
    
    <TextRegion id="eSc_textblock_4d3cce28"  custom="structure {type:MainZone#1;}">
      <Coords points="4274,631 4132,1953 4107,2463 4127,2956 4180,3313 4289,4406 5356,4376 5442,4220 5445,4145 5273,4106 5293,3739 5347,3590 5420,2601 5356,524"/>
      
      
      <TextLine id="eSc_line_e425a568" >
        <Coords points="5257,537 5211,542 5165,542 4871,569 4848,574 4802,578 4756,583 4710,588 4664,592 4618,597 4572,601 4526,606 4480,611 4439,615 4393,620 4347,624 4301,629 4310,712 4315,767 5059,652 5308,643 5308,592 5298,532 5257,537"/>
        <Baseline points="4313,713 4840,670 4905,637 5181,597 5309,597"/>
        <TextEquiv>
          <Unicode>.ii᷑. oisiaus ui sus che mont pasmer</Unicode>
        </TextEquiv>
      </TextLine>

      
      
      <TextLine id="eSc_line_99931bc2" >
        <Coords points="4848,661 4802,670 4761,675 4715,679 4669,684 4623,689 4577,689 4531,693 4503,693 4301,716 4310,776 4315,822 5211,712 5211,661 5202,611 4866,647 4848,661"/>
        <Baseline points="4312,778 4733,753 4896,701 5214,663"/>
        <TextEquiv>
          <Unicode>⁊ la bruine encontremont leuer</Unicode>
        </TextEquiv>
      </TextLine>

      
      
      <TextLine id="eSc_line_45299cc5" >
        <Coords points="4853,712 4811,725 4765,739 4719,753 4678,753 4646,753 4627,758 4582,762 4568,762 4306,781 4315,845 4315,882 5289,794 5289,753 5275,693 4857,707 4853,712"/>
        <Baseline points="4317,848 4604,820 4776,790 4987,765 5294,756"/>
        <TextEquiv>
          <Unicode>i uus iuis lancre nepooit regarder</Unicode>
        </TextEquiv>
      </TextLine>

      
      
      <TextLine id="eSc_line_046d15d3" >
        <Coords points="4297,923 4301,978 5014,872 5009,826 4995,767 4287,859 4297,923"/>
        <Baseline points="4300,924 4611,872 5011,830"/>
        <TextEquiv>
          <Unicode>Q ñt ihũs fu ocis ⁊ labites</Unicode>
        </TextEquiv>
      </TextLine>

      
      
      <TextLine id="eSc_line_5177e53c" >
        <Coords points="4274,1010 4274,1038 4499,1015 4503,1015 4508,1015 5188,937 5188,900 5174,831 4260,932 4274,1010"/>
        <Baseline points="4275,1013 4794,931 5193,905"/>
        <TextEquiv>
          <Unicode>ẽ coi la saumes pilate demander</Unicode>
        </TextEquiv>
      </TextLine>

      
      
      <TextLine id="eSc_line_0fdb5cb0" >
        <Coords points="4531,973 4485,978 4439,987 4393,992 4347,1001 4301,1006 4297,996 4255,1001 4264,1075 4264,1093 5225,1038 5225,996 5216,928 4885,928 4880,928 4568,964 4531,973"/>
        <Baseline points="4269,1078 4698,1011 5230,998"/>
        <TextEquiv>
          <Unicode>d ou na le nous si li en sen mes gre</Unicode>
        </TextEquiv>
      </TextLine>

      
      
      <TextLine id="eSc_line_677d1baa" >
        <Coords points="4600,1029 4554,1033 4513,1038 4467,1047 4421,1052 4375,1061 4329,1065 4283,1075 4287,1134 4287,1171 4807,1130 5294,1139 5303,1088 5298,1024 4678,1019 4673,1019 4614,1024 4600,1029"/>
        <Baseline points="4292,1136 4730,1078 5306,1089"/>
        <TextEquiv>
          <Unicode>a tout la laumes tãtost decrois oster</Unicode>
        </TextEquiv>
      </TextLine>

      
      
      <TextLine id="eSc_line_f192f9c7" >
        <Coords points="4310,1134 4306,1130 4264,1130 4274,1212 4274,1245 5059,1203 5059,1162 5046,1098 4324,1130 4310,1134"/>
        <Baseline points="4276,1215 4681,1179 5064,1163"/>
        <TextEquiv>
          <Unicode>⁊ ou se pucre ⁊ metre ⁊ poser</Unicode>
        </TextEquiv>
      </TextLine>

      
      
      <TextLine id="eSc_line_d36b3c57" >
        <Coords points="4439,1199 4393,1203 4347,1208 4301,1212 4297,1194 4255,1194 4260,1272 4260,1327 4467,1300 5289,1304 5298,1263 5289,1180 4476,1194 4439,1199"/>
        <Baseline points="4261,1274 4821,1258 5303,1264"/>
        <TextEquiv>
          <Unicode>n ous retour naumes p᷑ lacrois ẽ t̾rer</Unicode>
        </TextEquiv>
      </TextLine>

      
      
      <TextLine id="eSc_line_021028a8" >
        <Coords points="4246,1346 4246,1396 5248,1387 5248,1336 5234,1267 4241,1277 4246,1346"/>
        <Baseline points="4249,1350 5250,1338"/>
        <TextEquiv>
          <Unicode>f asons nogent cha de sus de morer</Unicode>
        </TextEquiv>
      </TextLine>

      
      
      <TextLine id="eSc_line_689f4320" >
        <Coords points="4228,1424 4232,1497 4338,1465 5105,1474 5115,1419 5101,1355 4223,1355 4228,1424"/>
        <Baseline points="4231,1426 5117,1424"/>
        <TextEquiv>
          <Unicode>p᷑ la mõtaigne espier ⁊ garder</Unicode>
        </TextEquiv>
      </TextLine>

      
      
      <TextLine id="eSc_line_b8c5cb11" >
        <Coords points="4223,1497 4218,1548 5165,1552 5174,1511 5170,1447 4223,1433 4223,1497"/>
        <Baseline points="4226,1500 5179,1512"/>
        <TextEquiv>
          <Unicode>⁊ salons uoir se le poons trouier</Unicode>
        </TextEquiv>
      </TextLine>

      
      
      <TextLine id="eSc_line_57b69e73" >
        <Coords points="4228,1575 4223,1626 5193,1644 5202,1584 5197,1529 4228,1520 4228,1575"/>
        <Baseline points="4232,1577 5207,1586"/>
        <TextEquiv>
          <Unicode>o ut̾tre st̾ iusqua .xx. tout nõte</Unicode>
        </TextEquiv>
      </TextLine>

      
      
      <TextLine id="eSc_line_84f9f385" >
        <Coords points="4205,1663 4200,1704 5381,1736 5390,1695 5390,1635 4205,1594 4205,1663"/>
        <Baseline points="4208,1666 5392,1699"/>
        <TextEquiv>
          <Unicode>t ant ont ꝑtout ⁊ quis ⁊ rou varde</Unicode>
        </TextEquiv>
      </TextLine>

      
      
      <TextLine id="eSc_line_d61635f6" >
        <Coords points="4191,1736 4186,1787 4554,1828 4559,1828 4945,1800 4949,1750 4940,1695 4191,1676 4191,1736"/>
        <Baseline points="4193,1739 4435,1764 4952,1754"/>
        <TextEquiv conf="0.97705287694931">
          <Unicode>⁊ en la t̾re ⁊ souy ⁊ hoe</Unicode>
        </TextEquiv>
      </TextLine>

      
      
      <TextLine id="eSc_line_12ff8965" >
        <Coords points="4297,1865 4297,1920 5243,1906 5248,1851 5234,1796 4292,1805 4297,1865"/>
        <Baseline points="4298,1868 5253,1856"/>
        <TextEquiv>
          <Unicode>la crois trueuent si ont le crleue</Unicode>
        </TextEquiv>
      </TextLine>

      
      
      <TextLine id="eSc_line_ba27a2f0" >
        <Coords points="4209,1961 4214,2003 4283,1980 5193,1993 5197,1938 5188,1874 4205,1888 4209,1961"/>
        <Baseline points="4214,1965 4539,1937 5198,1942"/>
        <TextEquiv>
          <Unicode>e ncore estoit lisus ensangletes</Unicode>
        </TextEquiv>
      </TextLine>

      
      
      <TextLine id="eSc_line_2da53344" >
        <Coords points="4287,1957 4241,1961 4237,1952 4195,1952 4200,2039 4200,2062 5087,2053 5092,2016 5082,1952 4292,1952 4287,1957"/>
        <Baseline points="4201,2041 4447,2017 4447,2017 5096,2021"/>
        <TextEquiv>
          <Unicode>c oume au iour q̃ il isu cloes</Unicode>
        </TextEquiv>
      </TextLine>

      
      
      <TextLine id="eSc_line_2320fa69" >
        <Coords points="4333,2030 4287,2035 4241,2039 4195,2039 4195,2104 4191,2145 5298,2159 5308,2117 5308,2048 4347,2026 4333,2030"/>
        <Baseline points="4200,2105 5310,2122"/>
        <TextEquiv>
          <Unicode>l oudeux sentirent esbouches ⁊es nes</Unicode>
        </TextEquiv>
      </TextLine>

      
      
      <TextLine id="eSc_line_520a34b7" >
        <Coords points="4205,2173 4200,2218 5165,2260 5174,2205 5170,2145 4205,2113 4205,2173"/>
        <Baseline points="4206,2176 5179,2208"/>
        <TextEquiv>
          <Unicode>d oudisne sant dont il fu arose</Unicode>
        </TextEquiv>
      </TextLine>

      
      
      <TextLine id="eSc_line_64184dc9" >
        <Coords points="4205,2255 4200,2301 5372,2352 5381,2306 5381,2246 4205,2196 4205,2255"/>
        <Baseline points="4208,2260 5386,2309"/>
        <TextEquiv>
          <Unicode>d ont dis dauid signour ormentendes</Unicode>
        </TextEquiv>
      </TextLine>

      
      
      <TextLine id="eSc_line_f50cba2c" >
        <Coords points="4200,2343 4195,2384 5119,2430 5128,2393 5128,2329 4200,2274 4200,2343"/>
        <Baseline points="4205,2345 5133,2394"/>
        <TextEquiv>
          <Unicode>n ous ne sauons la fine verite</Unicode>
        </TextEquiv>
      </TextLine>

      
      
      <TextLine id="eSc_line_af59756d" >
        <Coords points="4191,2425 4186,2467 5115,2517 5124,2476 5124,2411 4191,2370 4191,2425"/>
        <Baseline points="4192,2429 5125,2480"/>
        <TextEquiv>
          <Unicode>s e cest li sus ou ihũs fu cloes</Unicode>
        </TextEquiv>
      </TextLine>

      
      
      <TextLine id="eSc_line_cd7c8873" >
        <Coords points="4195,2503 4191,2549 5395,2609 5404,2577 5400,2513 4195,2444 4195,2503"/>
        <Baseline points="4199,2504 4473,2539 5409,2578"/>
        <TextEquiv conf="0.996271320515209">
          <Unicode>v iengnent auant maintenãt li naure</Unicode>
        </TextEquiv>
      </TextLine>

      
      
      <TextLine id="eSc_line_47fd7153" >
        <Coords points="4177,2586 4172,2637 5115,2687 5124,2641 5119,2586 4177,2517 4177,2586"/>
        <Baseline points="4178,2587 5125,2643"/>
        <TextEquiv>
          <Unicode>s e chou est il il sera esproiuie</Unicode>
        </TextEquiv>
      </TextLine>

      
      
      <TextLine id="eSc_line_a6af2d2e" >
        <Coords points="4177,2660 4172,2692 4361,2733 4398,2738 4444,2738 4490,2742 4499,2742 5344,2784 5354,2738 5349,2669 4177,2600 4177,2660"/>
        <Baseline points="4181,2661 5358,2741"/>
        <TextEquiv>
          <Unicode>d e la tres digne crois õt as plaies hurte</Unicode>
        </TextEquiv>
      </TextLine>

      
      
      <TextLine id="eSc_line_cb287164" >
        <Coords points="4329,2673 4283,2669 4237,2664 4191,2664 4186,2724 4182,2765 4338,2807 5009,2848 5023,2797 5018,2733 4338,2673 4329,2673"/>
        <Baseline points="4191,2726 5024,2802"/>
        <TextEquiv>
          <Unicode>⁊ il furent gari ⁊ resꝑasse</Unicode>
        </TextEquiv>
      </TextLine>

      
      
      <TextLine id="eSc_line_af3a6062" >
        <Coords points="4172,2807 4163,2857 5312,2958 5321,2898 5321,2843 4172,2738 4172,2807"/>
        <Baseline points="4176,2811 4957,2891 5325,2903"/>
        <TextEquiv>
          <Unicode>d ont dist dauis dous ⁊ rois demaieste</Unicode>
        </TextEquiv>
      </TextLine>

      
      
      <TextLine id="eSc_line_9c382069" >
        <Coords points="5000,2894 4954,2894 4908,2885 4876,2880 4172,2820 4172,2875 4163,2926 5220,3036 5230,2972 5230,2912 5018,2894 5000,2894"/>
        <Baseline points="4174,2878 4761,2949 5233,2973"/>
        <TextEquiv>
          <Unicode>o r uoi iou bñ uostre gnde amistes</Unicode>
        </TextEquiv>
      </TextLine>

      
      
      <TextLine id="eSc_line_5ad3d5ea" >
        <Coords points="4168,3022 4614,3110 5165,3119 5179,3064 5174,3004 4186,2894 4177,2940 4168,3022"/>
        <Baseline points="4182,2944 4367,2992 5181,3065"/>
        <TextEquiv>
          <Unicode>a fel iuis ceustes uous empense</Unicode>
        </TextEquiv>
      </TextLine>

      
      
      <TextLine id="eSc_line_5adbfcf4" >
        <Coords points="4195,3266 4209,3326 4246,3294 4324,3312 4329,3312 4333,3312 4375,3307 4820,3229 5294,3211 5294,3160 5285,3091 5078,3068 5073,3068 4765,3101 4761,3101 4609,3147 4540,3169 4186,3179 4195,3266"/>
        <Baseline points="4200,3268 4393,3277 4595,3222 5046,3169 5297,3163"/>
        <TextEquiv>
          <Unicode>m ais na tel pau tant ꝯ puisse durer</Unicode>
        </TextEquiv>
      </TextLine>

      
      
      <TextLine id="eSc_line_ac778f4e" >
        <Coords points="4480,3252 4434,3266 4388,3275 4343,3275 4297,3275 4264,3271 4205,3275 4214,3339 4218,3385 5243,3266 5243,3248 5230,3169 4490,3248 4480,3252"/>
        <Baseline points="4215,3342 4837,3271 5245,3249"/>
        <TextEquiv>
          <Unicode>p᷑ ue signour que uous trai aues</Unicode>
        </TextEquiv>
      </TextLine>

      
      
      <TextLine id="eSc_line_9c6a73ea" >
        <Coords points="4218,3404 4218,3450 5138,3372 5138,3330 5128,3266 4209,3344 4218,3404"/>
        <Baseline points="4221,3405 4880,3347 5141,3335"/>
        <TextEquiv>
          <Unicode>e lainne a sigñt duel demene</Unicode>
        </TextEquiv>
      </TextLine>

      
      
      <TextLine id="eSc_line_22a11457" >
        <Coords points="4212,3491 4212,3519 5334,3448 5334,3414 5328,3353 5135,3350 5131,3350 5128,3350 5079,3369 5076,3369 5064,3369 4923,3365 4920,3365 4206,3427 4212,3491"/>
        <Baseline points="4212,3491 4960,3430 5334,3414"/>
        <TextEquiv>
          <Unicode>Q̾ l nest nus hons qui le puist ꝯ forter</Unicode>
        </TextEquiv>
      </TextLine>

      
      
      <TextLine id="eSc_line_55b6795d" >
        <Coords points="4222,3562 4225,3601 4274,3583 4353,3592 4366,3592 4369,3592 4372,3592 4378,3589 4421,3574 4580,3574 4657,3574 4660,3574 5196,3525 5199,3500 5193,3451 4215,3509 4222,3562"/>
        <Baseline points="4222,3562 5199,3500"/>
        <TextEquiv>
          <Unicode>e rois dist elle conpeuis en durer</Unicode>
        </TextEquiv>
      </TextLine>

      
      
      <TextLine id="eSc_line_198e15d4" >
        <Coords points="4223,3638 4223,3675 5340,3611 5344,3569 5335,3509 4218,3569 4223,3638"/>
        <Baseline points="4226,3639 5349,3574"/>
        <TextEquiv>
          <Unicode>p our ton gnͣt peule a exemple donner</Unicode>
        </TextEquiv>
      </TextLine>

      
      
      <TextLine id="eSc_line_c99ffca0" >
        <Coords points="4237,3716 4237,3758 5202,3716 5207,3675 5193,3611 4232,3647 4237,3716"/>
        <Baseline points="4240,3719 4599,3700 5208,3676"/>
        <TextEquiv conf="0.997642483313878">
          <Unicode>d auid uapaz ien estuet mander</Unicode>
        </TextEquiv>
      </TextLine>

      
      
      <TextLine id="eSc_line_a3aad81f" >
        <Coords points="4241,3794 4241,3840 5027,3799 5027,3753 5014,3698 4237,3725 4241,3794"/>
        <Baseline points="4245,3797 5031,3754"/>
        <TextEquiv>
          <Unicode>l i belisor de rouine la cite</Unicode>
        </TextEquiv>
      </TextLine>

      
      
      <TextLine id="eSc_line_4c9d48f1" >
        <Coords points="4255,3863 4255,3905 5280,3872 5280,3836 5266,3776 4251,3803 4255,3863"/>
        <Baseline points="4258,3868 5283,3840"/>
        <TextEquiv>
          <Unicode>Q nos aidront nos guerres amener</Unicode>
        </TextEquiv>
      </TextLine>

      
      
      <TextLine id="eSc_line_ca0b605c" >
        <Coords points="4274,3937 4274,3987 5009,3960 5009,3918 4995,3863 4269,3872 4274,3937"/>
        <Baseline points="4277,3941 5011,3923"/>
        <TextEquiv>
          <Unicode>a donq̃s ont let̾ire auale</Unicode>
        </TextEquiv>
      </TextLine>

      
      
      <TextLine id="eSc_line_c225889e" >
        <Coords points="4287,4019 4287,4056 5170,4070 5179,4010 5165,3937 4283,3950 4287,4019"/>
        <Baseline points="4289,4024 5182,4011"/>
        <TextEquiv>
          <Unicode>p ilate escrie laisies grigo is aler</Unicode>
        </TextEquiv>
      </TextLine>

      
      
      <TextLine id="eSc_line_8e031da7" >
        <Coords points="4274,4093 4274,4153 5234,4134 5239,4088 5230,4029 4269,4029 4274,4093"/>
        <Baseline points="4277,4097 5242,4091"/>
        <TextEquiv>
          <Unicode>Q istra hors nert jamais mes pͥues</Unicode>
        </TextEquiv>
      </TextLine>

      
      
      <TextLine id="eSc_line_a66b1c57" >
        <Coords points="4286,4205 4320,4220 4323,4220 4326,4220 4528,4208 4555,4208 4559,4208 4577,4223 4580,4223 4583,4223 4586,4223 4886,4217 5086,4214 5423,4229 5429,4183 5426,4116 4859,4128 4604,4128 4571,4110 4568,4110 4565,4110 4344,4122 4292,4104 4289,4171 4286,4205"/>
        <Baseline points="4289,4171 5429,4183"/>
        <TextEquiv>
          <Unicode>g rigois cheuancent les frains abãdõnes</Unicode>
        </TextEquiv>
      </TextLine>

      
      
      <TextLine id="eSc_line_7c80df98" >
        <Coords points="4297,4245 4292,4290 5326,4290 5331,4249 5321,4180 4297,4180 4297,4245"/>
        <Baseline points="4300,4247 5334,4253"/>
        <TextEquiv>
          <Unicode>d euers ausit ont lor chemĩ tournes</Unicode>
        </TextEquiv>
      </TextLine>

      
      
      <TextLine id="eSc_line_66056fae" >
        <Coords points="4320,4323 4320,4364 4416,4364 4430,4373 4480,4410 4485,4410 4490,4410 4494,4410 4499,4410 4568,4378 4595,4369 4673,4382 4862,4424 4866,4424 5027,4401 5032,4313 5023,4258 4315,4258 4320,4323"/>
        <Baseline points="4323,4324 5034,4314"/>
        <TextEquiv>
          <Unicode>⁊ qnt̃ il st̾ ens ou t̾roi entre</Unicode>
        </TextEquiv>
      </TextLine>

      
    </TextRegion>
    
    <TextRegion id="eSc_textblock_345e5eab"  custom="structure {type:MainZone#2;}">
      <Coords points="5430,459 5449,4363 6868,4382 6943,2591 6812,519"/>
      
      
      <TextLine id="eSc_line_0437c00e" >
        <Coords points="6679,630 6648,630 6621,627 6590,624 6559,621 6529,621 6498,618 6467,615 6437,612 6406,612 6375,609 6345,606 6314,603 6283,603 6253,600 6222,597 6192,594 6161,594 6130,591 6100,588 6069,584 6038,584 6008,581 5977,578 5946,578 5916,575 5885,572 5855,569 5824,569 5793,566 5763,563 5732,563 5732,606 5726,640 6697,716 6703,664 6703,633 6679,630"/>
        <Baseline points="5732,606 6283,652 6703,664"/>
        <TextEquiv>
          <Unicode>ites les clo q̃s coumencet asonner</Unicode>
        </TextEquiv>
      </TextLine>

      
      
      <TextLine id="eSc_line_7c248f60" >
        <Coords points="5464,624 5464,656 5556,656 5556,615 5537,477 5446,477 5464,624"/>
        <Baseline points="5469,625 5558,616"/>
        <TextEquiv>
          <Unicode>D</Unicode>
        </TextEquiv>
      </TextLine>

      
      
      <TextLine id="eSc_line_dbbe7797" >
        <Coords points="5478,670 5473,712 5574,702 6576,776 6585,725 6581,670 5478,611 5478,670"/>
        <Baseline points="5482,673 6219,719 6588,730"/>
        <TextEquiv>
          <Unicode>i ors iot couportoit enterrer</Unicode>
        </TextEquiv>
      </TextLine>

      
      
      <TextLine id="eSc_line_5416cb9b" >
        <Coords points="5459,748 5455,799 6613,854 6622,808 6622,748 5459,679 5459,748"/>
        <Baseline points="5462,753 5631,750 6333,802 6624,809"/>
        <TextEquiv>
          <Unicode>.iii . iours auoit q̾l estoit trespasses</Unicode>
        </TextEquiv>
      </TextLine>

      
      
      <TextLine id="eSc_line_2f2b4dda" >
        <Coords points="5505,840 5501,891 6636,937 6645,886 6640,826 5505,753 5505,840"/>
        <Baseline points="5507,843 6648,891"/>
        <TextEquiv>
          <Unicode>l puoit si mis iu po oott durer.</Unicode>
        </TextEquiv>
      </TextLine>

      
      
      <TextLine id="eSc_line_59f8b812" >
        <Coords points="5643,928 5639,978 6705,1015 6714,973 6714,905 5643,849 5643,928"/>
        <Baseline points="5646,931 6716,977"/>
        <TextEquiv>
          <Unicode>i Rois de gresse qui fu prens ⁊ gentis</Unicode>
        </TextEquiv>
      </TextLine>

      
      
      <TextLine id="eSc_line_0e499e2d" custom="structure {type:DropCapitalLine;}">
        <Coords points="5423,1019 5597,1024 5626,844 5508,851 5506,774 5407,781"/>
        <Baseline points="5429,994 5607,1003"/>
        <TextEquiv conf="0.994146347045898">
          <Unicode>L</Unicode>
        </TextEquiv>
      </TextLine>

      
      
      <TextLine id="eSc_line_606ea458" >
        <Coords points="5639,1010 5634,1070 6686,1111 6696,1052 6696,987 5639,946 5639,1010"/>
        <Baseline points="5643,1013 6697,1056"/>
        <TextEquiv>
          <Unicode>amis la creis le cors de sus le pis</Unicode>
        </TextEquiv>
      </TextLine>

      
      
      <TextLine id="eSc_line_1fb05131" >
        <Coords points="5473,1098 5469,1130 5519,1153 5524,1153 5528,1153 5533,1153 5602,1134 5606,1134 6558,1185 6567,1134 6562,1070 5473,1024 5473,1098"/>
        <Baseline points="5478,1102 6571,1135"/>
        <TextEquiv>
          <Unicode>l ors li rentra oucors li esperis</Unicode>
        </TextEquiv>
      </TextLine>

      
      
      <TextLine id="eSc_line_f9311ad9" >
        <Coords points="6374,1130 6328,1130 6305,1125 6208,1125 6190,1125 6181,1120 5501,1107 5501,1185 5496,1231 6383,1254 6392,1208 6388,1130 6374,1130"/>
        <Baseline points="5502,1188 6393,1210"/>
        <TextEquiv>
          <Unicode>ꝑ le ꝯgiet auroi deꝑadis</Unicode>
        </TextEquiv>
      </TextLine>

      
      
      <TextLine id="eSc_line_bb78c8e8" >
        <Coords points="5487,1258 5482,1313 6567,1327 6576,1286 6572,1226 5487,1194 5487,1258"/>
        <Baseline points="5489,1262 6580,1290"/>
        <TextEquiv conf="0.980762136704994">
          <Unicode>p uis uesqui bñ .xl. ans a ꝯplis</Unicode>
        </TextEquiv>
      </TextLine>

      
      
      <TextLine id="eSc_line_a0d62cab" >
        <Coords points="5491,1346 5487,1382 6604,1428 6613,1373 6608,1300 5491,1281 5491,1346"/>
        <Baseline points="5493,1347 6615,1377"/>
        <TextEquiv>
          <Unicode>v  ne nuit iut dauis ens en son lit</Unicode>
        </TextEquiv>
      </TextLine>

      
      
      <TextLine id="eSc_line_50323dfc" >
        <Coords points="5482,1433 5478,1470 6549,1506 6558,1451 6558,1392 5482,1373 5482,1433"/>
        <Baseline points="5487,1436 6562,1454"/>
        <TextEquiv>
          <Unicode>e s uous .i. angle uenir de ꝑadis</Unicode>
        </TextEquiv>
      </TextLine>

      
      
      <TextLine id="eSc_line_b9b7ef6f" >
        <Coords points="6553,1451 6512,1451 6406,1479 5496,1442 5496,1516 5491,1566 6751,1580 6760,1543 6760,1437 6576,1437 6572,1437 6567,1437 6558,1437 6553,1451"/>
        <Baseline points="5498,1518 6765,1546"/>
        <TextEquiv>
          <Unicode>d ors tu ou veilles gentis rois sigͣnris</Unicode>
        </TextEquiv>
      </TextLine>

      
      
      <TextLine id="eSc_line_a1e68a62" >
        <Coords points="5482,1612 5478,1667 6682,1672 6691,1630 6691,1562 5735,1529 5730,1529 5482,1548 5482,1612"/>
        <Baseline points="5484,1614 6694,1632"/>
        <TextEquiv>
          <Unicode>ꝑ moi te mande tes peres qui te fist</Unicode>
        </TextEquiv>
      </TextLine>

      
      
      <TextLine id="eSc_line_fd7a5a28" >
        <Coords points="5491,1699 5487,1750 6530,1773 6539,1722 6535,1663 5491,1640 5491,1699"/>
        <Baseline points="5495,1702 6541,1724"/>
        <TextEquiv>
          <Unicode>Q̾ a si mage faces .iii. crucefis</Unicode>
        </TextEquiv>
      </TextLine>

      
      
      <TextLine id="eSc_line_e299f71b" >
        <Coords points="5487,1764 5482,1828 6493,1851 6503,1805 6498,1736 5487,1709 5487,1764"/>
        <Baseline points="5489,1767 6504,1808"/>
        <TextEquiv>
          <Unicode>n icodemus sera auoecques ti</Unicode>
        </TextEquiv>
      </TextLine>

      
      
      <TextLine id="eSc_line_d9476d14" >
        <Coords points="5482,1869 5478,1934 6856,1934 6861,1892 6856,1810 6622,1833 5482,1810 5482,1869"/>
        <Baseline points="5487,1874 6866,1895"/>
        <TextEquiv>
          <Unicode>i oseph ⁊ cosmes ⁊ chiaus que trouuas chi</Unicode>
        </TextEquiv>
      </TextLine>

      
      
      <TextLine id="eSc_line_dfd2c5e0" >
        <Coords points="5490,1957 5487,1993 6719,2027 6725,1978 6725,1926 6691,1908 6688,1908 6685,1908 6682,1908 6547,1926 6492,1911 6489,1911 6486,1911 6189,1920 5655,1889 5652,1889 5649,1889 5603,1908 5588,1892 5588,1889 5585,1889 5582,1889 5521,1889 5518,1889 5514,1889 5511,1889 5490,1901 5490,1957"/>
        <Baseline points="5490,1957 6725,1978"/>
        <TextEquiv conf="0.996540187133683">
          <Unicode>Qͥ sa samblance te metront en escrit</Unicode>
        </TextEquiv>
      </TextLine>

      
      
      <TextLine id="eSc_line_811033fa" >
        <Coords points="5482,2030 5478,2071 6594,2104 6604,2058 6599,1989 5482,1970 5482,2030"/>
        <Baseline points="5487,2035 6606,2062"/>
        <TextEquiv>
          <Unicode>c houment il fu athachies ⁊ laidis</Unicode>
        </TextEquiv>
      </TextLine>

      
      
      <TextLine id="eSc_line_720f364e" >
        <Coords points="5496,2127 5491,2173 6659,2196 6668,2145 6663,2071 5496,2053 5496,2127"/>
        <Baseline points="5501,2128 6139,2150 6673,2150"/>
        <TextEquiv>
          <Unicode>p uis feras faire eglise enton pais</Unicode>
        </TextEquiv>
      </TextLine>

      
      
      <TextLine id="eSc_line_fa241999" >
        <Coords points="5487,2209 5482,2260 6709,2269 6719,2228 6714,2168 5487,2150 5487,2209"/>
        <Baseline points="5488,2213 6722,2232"/>
        <TextEquiv>
          <Unicode>⁊ feras faire des crois sus les chemins</Unicode>
        </TextEquiv>
      </TextLine>

      
      
      <TextLine id="eSc_line_9c096344" >
        <Coords points="5482,2292 5478,2352 6852,2375 6861,2320 6861,2246 5482,2228 5482,2292"/>
        <Baseline points="5486,2297 6864,2321"/>
        <TextEquiv>
          <Unicode>s i quil souniengne de la mort ihũcrist</Unicode>
        </TextEquiv>
      </TextLine>

      
      
      <TextLine id="eSc_line_8ceed309" >
        <Coords points="5482,2393 5478,2448 6820,2467 6829,2411 6824,2338 5482,2333 5482,2393"/>
        <Baseline points="5483,2397 6833,2415"/>
        <TextEquiv>
          <Unicode>a tant sentourne dauis remest en qui</Unicode>
        </TextEquiv>
      </TextLine>

      
      
      <TextLine id="eSc_line_92d76c55" >
        <Coords points="5671,2485 5666,2535 6797,2535 6801,2499 6797,2434 5671,2407 5671,2485"/>
        <Baseline points="5674,2490 6804,2502"/>
        <TextEquiv>
          <Unicode>auid atent tant q̃ iours fu nenus</Unicode>
        </TextEquiv>
      </TextLine>

      
      
      <TextLine id="eSc_line_ce09eebc" custom="structure {type:DropCapitalLine;}">
        <Coords points="5441,2554 5436,2572 5645,2612 5654,2509 5639,2411 5430,2399 5446,2531"/>
        <Baseline points="5442,2557 5642,2571"/>
        <TextEquiv>
          <Unicode>D</Unicode>
        </TextEquiv>
      </TextLine>

      
      
      <TextLine id="eSc_line_d09ad133" >
        <Coords points="5666,2577 5666,2632 6912,2637 6916,2577 6912,2499 5666,2513 5666,2577"/>
        <Baseline points="5670,2581 6921,2581"/>
        <TextEquiv>
          <Unicode>puis a fait querre maĩtenant le belnus</Unicode>
        </TextEquiv>
      </TextLine>

      
      
      <TextLine id="eSc_line_1874ff61" >
        <Coords points="5524,2650 5519,2701 6719,2701 6723,2655 6723,2595 5524,2591 5524,2650"/>
        <Baseline points="5525,2654 6725,2658"/>
        <TextEquiv>
          <Unicode>t out le prumier afait nicodemus</Unicode>
        </TextEquiv>
      </TextLine>

      
      
      <TextLine id="eSc_line_6ea99576" >
        <Coords points="5501,2747 5501,2793 6645,2779 6650,2728 6640,2664 5496,2664 5501,2747"/>
        <Baseline points="5504,2751 6651,2731"/>
        <TextEquiv conf="0.978640615940094">
          <Unicode>Q ñt ot mis sus ⁊ largent ⁊ lasur</Unicode>
        </TextEquiv>
      </TextLine>

      
      
      <TextLine id="eSc_line_82a2d6a4" >
        <Coords points="5519,2825 5519,2875 6728,2866 6732,2816 6719,2756 5514,2761 5519,2825"/>
        <Baseline points="5520,2826 6734,2817"/>
        <TextEquiv>
          <Unicode>g arde a son nes ⁊ uoit quil fu łvous</Unicode>
        </TextEquiv>
      </TextLine>

      
      
      <TextLine id="eSc_line_9884c402" >
        <Coords points="5528,2898 5524,2944 6622,2949 6631,2903 6627,2839 5528,2839 5528,2898"/>
        <Baseline points="5529,2903 6636,2906"/>
        <TextEquiv>
          <Unicode>o ster en uot mes ne plot a ihũ</Unicode>
        </TextEquiv>
      </TextLine>

      
      
      <TextLine id="eSc_line_7c24576a" >
        <Coords points="5524,2981 5524,3022 6608,3009 6613,2967 6599,2912 5519,2917 5524,2981"/>
        <Baseline points="5527,2983 6614,2970"/>
        <TextEquiv>
          <Unicode>l i .s̾. espirs est ou nu descendus</Unicode>
        </TextEquiv>
      </TextLine>

      
      
      <TextLine id="eSc_line_3a67119d" >
        <Coords points="5528,3078 5528,3124 6659,3096 6663,3064 6654,2977 5891,3004 5850,3004 5551,2986 5547,2986 5542,2986 5537,2986 5537,2990 5524,2999 5528,3078"/>
        <Baseline points="5529,3079 6097,3062 6664,3067"/>
        <TextEquiv>
          <Unicode>n icodemus dist il nen taille plus</Unicode>
        </TextEquiv>
      </TextLine>

      
      
      <TextLine id="eSc_line_6df9ffa4" >
        <Coords points="5519,3156 5519,3202 6765,3188 6769,3151 6760,3068 5514,3078 5519,3156"/>
        <Baseline points="5524,3157 6179,3145 6771,3154"/>
        <TextEquiv>
          <Unicode>s eplus madoises ne de fer ne de fust</Unicode>
        </TextEquiv>
      </TextLine>

      
      
      <TextLine id="eSc_line_31b25766" >
        <Coords points="5528,3229 5528,3280 6640,3261 6640,3229 6640,3169 5528,3169 5528,3229"/>
        <Baseline points="5532,3233 6642,3231"/>
        <TextEquiv>
          <Unicode>i e sannerai si ꝯme fist ihũs</Unicode>
        </TextEquiv>
      </TextLine>

      
      
      <TextLine id="eSc_line_127f38e8" >
        <Coords points="5565,3234 5560,3229 5519,3225 5519,3321 5519,3367 6663,3362 6663,3321 6663,3257 5758,3257 5583,3234 5565,3234"/>
        <Baseline points="5520,3323 6664,3323"/>
        <TextEquiv>
          <Unicode>Q ñt de la glaue fu ou coste ferus</Unicode>
        </TextEquiv>
      </TextLine>

      
      
      <TextLine id="eSc_line_f98ee2f0" >
        <Coords points="5514,3395 5510,3450 6709,3450 6714,3404 6709,3344 5514,3335 5514,3395"/>
        <Baseline points="5516,3399 6719,3408"/>
        <TextEquiv>
          <Unicode>n icos lentent mlt̾ en fu esperdus</Unicode>
        </TextEquiv>
      </TextLine>

      
      
      <TextLine id="eSc_line_5be1a61d" >
        <Coords points="5510,3491 5510,3537 6806,3519 6806,3477 6792,3408 5505,3408 5510,3491"/>
        <Baseline points="5511,3492 6807,3479"/>
        <TextEquiv>
          <Unicode>i l chiet atiere maintenant estendus</Unicode>
        </TextEquiv>
      </TextLine>

      
      
      <TextLine id="eSc_line_2fbb89ca" >
        <Coords points="5528,3565 5528,3611 6751,3606 6751,3555 6737,3486 5524,3505 5528,3565"/>
        <Baseline points="5531,3567 6752,3558"/>
        <TextEquiv>
          <Unicode>Q ñt se redraiche si est iuiou uenus</Unicode>
        </TextEquiv>
      </TextLine>

      
      
      <TextLine id="eSc_line_b8ff07ce" >
        <Coords points="5491,3666 5491,3707 6686,3698 6691,3643 6682,3574 5487,3578 5491,3666"/>
        <Baseline points="5496,3669 5616,3669 5662,3660 5891,3647 6695,3647"/>
        <TextEquiv>
          <Unicode>s i li baisa les pies .c. fois ou plus</Unicode>
        </TextEquiv>
      </TextLine>

      
      
      <TextLine id="eSc_line_e12a4620" >
        <Coords points="5675,3735 5675,3790 6567,3776 6567,3735 6567,3670 5675,3656 5675,3735"/>
        <Baseline points="5677,3739 6571,3739"/>
        <TextEquiv>
          <Unicode>i codemus afait le cruchefis</Unicode>
        </TextEquiv>
      </TextLine>

      
      
      <TextLine id="eSc_line_9eba29be" custom="structure {type:DropCapitalLine;}">
        <Coords points="5524,3693 5487,3693 5432,3725 5436,3831 5441,3918 5533,3895 5665,3919 5655,3826 5665,3693 5570,3693"/>
        <Baseline points="5438,3832 5620,3828"/>
        <TextEquiv>
          <Unicode>N</Unicode>
        </TextEquiv>
      </TextLine>

      
      
      <TextLine id="eSc_line_672f9c7d" >
        <Coords points="5671,3837 5674,3886 5711,3868 5827,3883 5839,3883 5842,3883 5845,3883 5848,3883 5848,3880 5851,3880 5864,3865 5931,3877 5934,3880 6026,3880 6060,3880 6060,3877 6063,3877 6066,3877 6066,3874 6081,3862 6719,3862 6722,3819 6716,3764 5851,3761 5848,3761 5845,3761 5839,3764 5796,3779 5781,3767 5781,3764 5778,3764 5775,3764 5668,3764 5671,3837"/>
        <Baseline points="5671,3837 6722,3819"/>
        <TextEquiv>
          <Unicode>les autres .ii. afait li rois dauid</Unicode>
        </TextEquiv>
      </TextLine>

      
      
      <TextLine id="eSc_line_88de04e4" >
        <Coords points="5510,3923 5510,3964 6797,3937 6797,3905 6783,3831 5505,3854 5510,3923"/>
        <Baseline points="5511,3926 6798,3908"/>
        <TextEquiv>
          <Unicode>p uis bes ieterent ens enlame de gris</Unicode>
        </TextEquiv>
      </TextLine>

      
      
      <TextLine id="eSc_line_5a8904f6" >
        <Coords points="6181,3918 6135,3918 6089,3918 6043,3918 6034,3918 5657,3941 5620,3909 5620,3905 5616,3905 5611,3905 5606,3905 5491,3905 5496,4001 5496,4038 6728,4033 6732,3992 6719,3909 6521,3937 6185,3914 6181,3918"/>
        <Baseline points="5498,4006 6734,3996"/>
        <TextEquiv>
          <Unicode>l uns ariua diroitement abrandis</Unicode>
        </TextEquiv>
      </TextLine>

      
      
      <TextLine id="eSc_line_2ca291a9" >
        <Coords points="5533,4102 5533,4143 6613,4143 6617,4088 6604,4015 5528,4015 5533,4102"/>
        <Baseline points="5534,4104 6620,4089"/>
        <TextEquiv>
          <Unicode>l a le trouua libarons .g̾. b̾tins</Unicode>
        </TextEquiv>
      </TextLine>

      
      
      <TextLine id="eSc_line_05f749b7" >
        <Coords points="5519,4180 5519,4226 6613,4208 6617,4171 6608,4107 5514,4107 5519,4180"/>
        <Baseline points="5521,4183 5570,4180 5637,4183 6620,4172"/>
        <TextEquiv>
          <Unicode>f reres elãine ⁊ leber .g̾.seurui</Unicode>
        </TextEquiv>
      </TextLine>

      
      
      <TextLine id="eSc_line_f962e123" >
        <Coords points="5519,4267 5519,4309 6659,4300 6663,4258 6654,4199 5514,4199 5519,4267"/>
        <Baseline points="5520,4271 6668,4263"/>
        <TextEquiv>
          <Unicode>l autre passa ⁊ aroume senuint</Unicode>
        </TextEquiv>
      </TextLine>

      
      
      <TextLine id="eSc_line_66f33936" >
        <Coords points="5524,4341 5524,4401 5625,4401 5657,4428 5657,4433 5662,4433 5666,4433 5671,4437 6061,4437 6061,4433 6066,4433 6071,4433 6107,4410 6176,4433 6181,4433 6185,4433 6788,4392 6788,4332 6774,4267 6231,4290 5519,4277 5524,4341"/>
        <Baseline points="5525,4345 6173,4364 6792,4336"/>
        <TextEquiv>
          <Unicode>⁊ lautre apres droitement en pontis</Unicode>
        </TextEquiv>
      </TextLine>

      
    </TextRegion>
    
    <TextRegion id="eSc_textblock_7e2f1ac4"  custom="structure {type:QuireMarksZone;}">
      <Coords points="4552,4763 4538,4949 4840,4935 4861,4763"/>
      
      
      <TextLine id="eSc_line_668e6422" >
        <Coords points="4767,4808 4736,4805 4718,4802 4583,4811 4586,4872 4589,4928 4660,4900 4776,4906 4782,4869 4773,4808 4767,4808"/>
        <Baseline points="4586,4872 4782,4869"/>
        <TextEquiv>
          <Unicode>21a</Unicode>
        </TextEquiv>
      </TextLine>

      
    </TextRegion>
    
    <TextRegion id="eSc_textblock_ab170ad0"  custom="structure {type:NumberingZone;}">
      <Coords points="7004,340 7004,427 7244,427 7244,340"/>
      
      
      <TextLine id="eSc_line_e780f868" >
        <Coords points="7197,344 7151,344 7105,344 7059,344 7013,344 7013,395 7004,500 7206,500 7215,408 7210,344 7197,344"/>
        <Baseline points="7017,398 7217,412"/>
        <TextEquiv>
          <Unicode>Lxxi</Unicode>
        </TextEquiv>
      </TextLine>

      
    </TextRegion>
    
    <TextRegion id="eSc_textblock_75cc1585"  custom="structure {type:NumberingZone;}">
      <Coords points="7014,510 7014,597 7161,597 7161,510"/>
      
      
      <TextLine id="eSc_line_cb2b3229" >
        <Coords points="7095,523 7065,517 7034,523 7034,578 7037,637 7123,609 7123,578 7120,566 7095,523"/>
        <Baseline points="7034,578 7123,578"/>
        <TextEquiv>
          <Unicode>81</Unicode>
        </TextEquiv>
      </TextLine>

      
    </TextRegion>
    
    <TextRegion id="eSc_textblock_1a3e6de2"  custom="structure {type:DropCapitalZone;}">
      <Coords points="5436,786 5419,1033 5632,1028 5627,932 5644,791"/>
      
    </TextRegion>
    
    <TextRegion id="eSc_textblock_d5dd7cae"  custom="structure {type:DropCapitalZone;}">
      <Coords points="5407,2410 5419,2613 5576,2585 5655,2585 5655,2415"/>
      
    </TextRegion>
    
    <TextRegion id="eSc_textblock_adc8f85e"  custom="structure {type:DropCapitalZone;}">
      <Coords points="5424,3692 5424,3855 5638,3855 5638,3776 5638,3692"/>
      
    </TextRegion>
    
    <TextRegion id="eSc_textblock_42e10c8d"  custom="structure {type:DamageZone;}">
      <Coords points="4252,4829 4224,4514 4376,4640 4480,4682 4369,4722 4323,4773"/>
      
    </TextRegion>
    
    <TextRegion id="eSc_textblock_aafbf1a6"  custom="structure {type:DamageZone;}">
      <Coords points="4092,2889 4092,3253 4272,3230 4370,3251 5142,3122 4220,3001"/>
      
    </TextRegion>
    
    <TextRegion id="eSc_textblock_c4b8b1d7"  custom="structure {type:DamageZone;}">
      <Coords points="4137,1785 4141,1970 4344,1834 4246,1811"/>
      
    </TextRegion>
    
    <TextRegion id="eSc_textblock_206b25f2"  custom="structure {type:DamageZone;}">
      <Coords points="5968,354 5830,488 5772,566 5723,612 5670,681 5624,542 5697,461 5707,363"/>
      
    </TextRegion>
    
    <TextRegion id="eSc_textblock_2957e93d"  custom="structure {type:DamageZone;}">
      <Coords points="5947,4685 5648,5188 6071,5194 6003,4655"/>
      
    </TextRegion>
    
    <TextRegion id="eSc_textblock_e04756b0"  custom="structure {type:DamageZone;}">
      <Coords points="2485,2922 2787,2989 3502,3136 3507,3138 3989,3325 4003,2579"/>
      
    </TextRegion>
    
    <TextRegion id="eSc_textblock_a3024746"  custom="structure {type:DropCapitalZone;}">
      <Coords points="2479,3001 2462,3158 2743,3197 2743,3023"/>
      
    </TextRegion>
    

    
  </Page>
</PcGts>
