8107 5513
1197 539 2328 670 l imiens est frains ꝑmi le heu̾ dore
1171 611 2205 725 d ist anscys.si ꝯuous ꝯmandes
1201 689 2276 802 b iax mes dist il mespee porteres
1167 768 2368 879 e n alemaigne na branc plus redute
1167 863 2365 964 l i rois la fait tout errant aporter
1173 937 2325 1044 ⁊ cils laporte qui le deuoit garder
1176 1015 2251 1125 r ois anseys latantost deliure
1190 1088 2330 1199 a u roi oudart descoce le membre
1176 1171 2330 1286 p uis retourna el gnͣt estor mortel
1176 1263 2284 1369 l i dus de mes lamirable cite
1167 1332 2251 1460 t riues manda a anseys le ber
1176 1433 2389 1558 Q uel castel puissent ⁊ uenir ⁊ aler
1167 1506 2311 1649 r ois anseys lor a triues dõne
1167 1589 2348 1727 o r escoutes dou franc duc nat᷑el
1176 1676 2376 1805 c hiaus du castel emprẽt a apeller
1153 1773 2412 1888 s eignour dist il si chier ꝯuꝰ maues
1139 1842 2339 1984 s oies trestout fer uestu ⁊ arme
1139 1934 2467 2062 s e mestiers est mon neueu secoures
1148 2021 2431 2154 m ais gardes bñ caĩs soit auirõnes
1139 2099 2380 2223 c ar ie sai bñ trais iert quel u̾res
1125 2177 2284 2315 s ire font il si ꝯ uous ꝯmandes
1135 2269 2284 2384 s on esciuer a tantost apelle
1139 2347 2302 2490 a mis̃ dist il or tost ni arrestes
1135 2425 2426 2572 p ortes mes armes pres demo les teneᷤ
1121 2513 2454 2669 s e sor nous uienet nr̃e anc ni mortel
1130 2597 2432 2750 Q̃ les puissons rechouire au brãc letre
1125 2687 2150 2830 s ire dist il a ur̃e uolente
1130 2774 2325 2931 l i dus monta el destrier abrieue
1125 2862 2302 3022 ⁊ .xx. baron qui furent des arme
1135 2940 2302 3114 o son barnage en est li dus ales
1139 3032 2192 3192 .i. ꝑlement a escrit ⁊ mande
1148 3133 2307 3294 a u roi de frize ⁊ tout lantre barne
1145 3209 2451 3393 r ois de coulongne dist lidus eñtedes
1153 3294 2376 3473 t u as ma niece a moullier ⁊ aper
1144 3376 2412 3551 t i enfant sont mlt̃ mi ami carnel
1139 3464 2426 3656 l i rois oudars qui tant fait aloer
1130 3569 2155 3730 Qͥ se combat a .hͨ. le membre
1139 3643 2389 3813 u rẽs mẽs est gentis rois corones
1136 3733 2359 3908 c este bataille cor le fai desseurer
1125 3813 2293 3992 ⁊ si faisons les barons acorder
1107 3909 2412 4088 c ar .ii. millours ne porroit on trouer
1130 3993 2319 4159 s i demourons ꝯ bon ami carnel
1136 4064 2300 4235 ⁊ dist li rois bñ le uoel creanter
1121 4134 2310 4306 d uscas barons ne se st̃ arreste
1099 4214 2255 4416 Qͥ reuoloient lestour renoueler
2558 539 3495 640 r ois anseys comencha a crier
2555 588 3584 707 s eignor baron le flour laissiee ester
2578 670 3492 803 d ore en auant soies ami carnel
2596 721 3584 849 l i rois oudars fu mlt̾ de gnͣt berte
2605 776 3635 941 e n haut escrie emꝑdon en ꝑles
2596 868 3580 1015 n e le feroie p᷑ .m. mars dor pele
2615 914 3607 1120 a ins lauerai recreant ⁊ mate
2610 992 3644 1176 f ix de uilam ne se puist ia uanter
2615 1047 3713 1286 Q uen ꝯtre roi puisse riẽns ꝯquester
2628 1162 3497 1364 .h̾. loi le sens cuide deruer
2628 1203 3644 1460 a haute uois ꝯmencha a crier
2633 1212 3823 1552 r ois orguillous mlt̃ menes gnͣt fierte
2642 1373 3754 1626 m ar le pensastes ꝑ diu de maiste
2651 1373 3924 1713 a ins quil soit respres ne solans esꝯles
2660 1447 3938 1823 u ous cuit̃ au hianc si uiulmẽt ꝯquest̾
2670 1768 3878 2099 d edens uo sanc porres uo cors sauer
2647 1865 3662 2113 i e uous dessi del roi demaiste
2633 1970 3819 2232 s eure li court el poing le brãc letre
2647 2053 3832 2283 o r sont au caple ꝯme anemi mortel
2624 2127 3809 2356 g nͣs cox se donnent sor lors elmeᷤ gẽme̾
2605 2218 3809 2444 Q̃ flours ⁊ pierres en ont ius c᷑uente
2615 2310 3750 2508 ⁊ su ⁊ flame font uers le ciel uoler
2610 2384 3699 2577 .hͨ. tenoit le bon branc acere
2615 2467 3699 2655 e n uers le roi oudart sen est ales
2615 2549 3745 2747 f erir le cuide sor son elme gemine
2605 2637 3727 2807 m ais li rois a lescut deuant iete
2610 2719 3630 2889 .h̾̾. i fiert .i. cop desmesure
2605 2811 3718 2967 d ix quel damage aroint au duc mẽbor
2592 2903 3708 3032 d ou poing li uole ses bons brãs acere̾
2587 2977 3708 3128 l i rois sauance le branc atost ꝯbre
2619 3068 3652 3215 e n haut escrie lecieres ꝑiures
2619 3139 3691 3323 p uis que ie tieng br̃e branc acere
2615 3211 3736 3385 n e porres mais uers le mien cors d᷑or
2592 3307 3534 3468 .hͨ . loi coulour prist a inuer
2601 3376 3740 3560 t out ꝑmi lost en est li scris leues
2610 3482 3587 3650 Q̾ .hͨ. a perdu son branc letre
2605 3514 3786 3748 l i quens de bar en a gnͣt duel mene
2610 3606 3699 3859 l i dus de mes a tearemene
2628 3799 3676 4130 m ais li cans tu plueuis ⁊ aster
2601 3895 3727 4203 e n tel maniere que li uassal mẽbre
2610 3978 3750 4304 s ecours ne porent auoir de lor̾ barneᷤ
2601 4061 3465 4327 .hͨ . en a roi oudart apelle
2582 4139 3685 4433 g entis rois sire enuers moi entedes
2569 4226 3626 4511 r ent moi mespee si me feras bonte
2555 4309 3589 4552 r ois qnͣt eus ton rice branc froue
4462 565 5280 698 i ou ne te uolch ferir ne adeser
4462 647 5377 790 d usques adont quẽ reus .i. trouue
4425 721 5174 849 ⁊ dist li roi dit aues uerite
4407 776 5321 914 i ou ai letien qͥ mlt̾ a de bonte
4366 813 5326 996 n el te rendroie p᷑ . m. lib̶ dor cler
4361 886 5179 1070 s e me fesis ⁊ honor ⁊ bonte
4356 964 5262 1148 n el te ferai car nen ai uolente
4315 1015 5312 1263 a ins uꝰ dessi de moi bñ uꝰ gardes
4301 1093 5358 1359 s ore li court el pong le brãc letre
4287 1171 5216 1424 .hͨ. se cueure de son escu troue
4260 1254 5207 1506 l i rois feri .heruil. le baceler
4232 1332 5128 1598 m ais .h̾. a lescu contre iete
4209 1410 5289 1695 d esous le cop don bon brãc acere
4200 1502 5326 1814 s e fu plong es .h̾̾. li dus membres
4186 1557 5225 1865 d rece la pointe de son escu dore
4159 1630 5197 1966 e nnui le pis en a le roi frape
4168 1722 5184 2035 s i durement qͣ terre la uerse
4237 1814 5303 2200 ces brans li est dou poĩg uoles
4177 2081 5050 2352 .h̾. sauance li len a releue
4195 2168 5193 2430 n e fust si lies p᷑ lor dune cite
4209 2255 5243 2499 a sa uois clere cõmencha a crier
4218 2347 5367 2586 r ois orguillous dix te puist c᷑uenter
4232 2457 5133 2673 i e te dessi dou roi de maiste
4241 2535 5303 2751 s eure li court le bon brãc enteze
4274 2614 5326 2816 g nͣt cop li dõne ꝑmi lelme gẽme
4280 2716 5395 2875 Q̾ flours ⁊ pierres en a ius crauẽte
4310 2807 5349 2958 l elme ⁊ la coife li a au brãc oste
4301 2898 5188 3050 l e bacinet de sous a dessolde
4304 2992 5245 3133 ⁊ char ⁊ os li a don brãt cope
4310 3087 5315 3222 d ou hanepier li a .iii. doie oste
4320 3147 5418 3321 ꝑ les en armes est ius li brãs coule ᷤ
4332 3252 5419 3387 l e moitiet trence dou fort escu bẽde
4310 3335 5450 3468 ⁊ vii .c. mailles du blanc haubert sasfre
4316 3427 5429 3558 f orment le naure el senestre coste
4301 3525 5285 3644 g nͣt demipiet a le plaie dure
4310 3597 5372 3730 l i sans en chiet a gnͣt rãdõ el pre
4292 3693 5372 3822 l i rois cancelle as genous est ales
4304 3797 5254 3895 ⁊ alemant furent mlt̃ esfrae
4304 3880 5291 3984 r ois anseys cõmencha a crier
4304 3941 5275 4061 m es niẽs iert ia ochis ⁊ afoles
4301 4024 5315 4150 e t escot brocent qͥ furent adoube
4329 4113 5199 4241 d usca .h̾. ne st̃ miẽ arreste
4356 4185 5312 4336 e nhaut li crient lecieres nẽ ires
4390 4287 5220 4404 .h̾. loi qui tint le branc letre
4361 4336 5280 4511 m es escria baron quel le feres
5625 565 6075 707 ⁊ li dus san
6227 542 6856 776 ses laist le ceual aler
5634 670 6117 785 m onroial cr
6236 661 6875 840 baron qar iferes
5634 744 6907 914 s e nous ꝑdons .h̾. le duc membre
5629 845 6925 992 a tel seignour iamais ne reuenres
5625 909 6953 1070 ⁊ cil desrengent ceuaus laissent aler
5634 1001 6907 1143 a lemant orent . heruil. auironne
5629 1065 6953 1249 Qͥ tient el pong son bon branc acere
5620 1162 6778 1309 ⁊ se desfent a guize de sengler
5625 1249 6852 1415 ⁊ trence braces ⁊ testes ⁊ costes
5616 1341 6925 1506 e s uous duc sanse ⁊ son rice barne
5616 1419 6833 1580 c il dou castel ont le pont auale
5616 1511 6815 1667 f ors st̃ issu que ni sont arreste
5597 1589 6958 1768 e s uꝰ. thieri. poiñgnant tout abrieue
5597 1686 6921 1846 r usfin. amaĩne le destrier seiourne
5579 1764 6824 1915 s i le rendi son seignour naturel
5588 1846 6824 2016 d esus monta .heruis . li bacelers
5593 1929 6875 2099 l escu au col el pong le brãc letre
5593 2026 6788 2186 a haute uois cõmencha a crier
5597 2094 6916 2251 f eres baron sans point de refuser
5593 2177 6921 2333 ⁊ cil si fisent puis quil lot ꝯmãde
5593 2269 6916 2421 e s uꝰ gobert daspremont le mẽbre
5602 2356 6879 2503 e l poing le branc ⁊ lescu accole
5597 2425 6907 2591 c ui il ataint tout a son tans uze
5616 2517 6944 2673 l i rois oudars fu en lestour mortel
5593 2604 6921 2761 l i alemant len cuũdient porter
5602 2696 6944 2852 m ais li barnages.heruil.le baceler
5597 2779 6994 2944 s a gnͣs prouece ⁊ sa tres gnͣt fierte̾
5625 2875 6879 3027 f ait alemans arriere reculer
5634 2972 6907 3133 ꝑ droite force onc roi oudart ꝯbre
5625 3045 6907 3215 d edens louaing la fait .h̾ . mener
5625 3169 6682 3298 ⁊ ꝯmanda a son rice barne
5625 3238 6958 3422 l es mires mangent p᷑ ses plaie̾ san̾
5620 3335 6870 3500 ⁊ il si fisent puis̃ quil lot ꝯmande
5620 3418 6944 3574 b raibenchou furet̃ el gnͣt estor mortel
5606 3509 6838 3679 d ont ꝯmencha gnͣs la mortalites
5593 3620 6829 3744 ⁊ la bataille ⁊ li estours cruels
5593 3707 6824 3872 Qͥ ne fu mie duscau uespre fines
5740 3799 6788 3946 i rois oudars au coraie bardi
5729 3895 6841 4036 fu a louaing menes si ꝯ uous di
5593 3955 6916 4130 l i mire uinrent p᷑ ses plaies garir
5588 4033 6810 4203 ⁊ la bataille ⁊ lestours esbaudi
5594 4147 6832 4287 d es abatus des mors ⁊ des ochis
5570 4231 6705 4359 c ouert en st̾ li pui ⁊ li larris
5560 4304 6870 4447 l i rois de.Gales.a lencontre li uint
5579 4382 6760 4584 .h̾. le fiert droit sor lelme burui
5478 3670 5735 4038 L
4629 4805 4843 4949 12C
7190 490 7414 667 164
