8107 5513
1296 684 2072 845 l e deable requis ⁊ si lai aoure
1282 735 2251 886 r espont li patriarches dites moi u̾ite
1296 799 2320 964 p our coi fe sistes che gardes in soit chele
1300 854 2343 1033 s ire pour une dame nest pas de chest regne
1259 950 2017 1084 f u ele donc paiẽne oil ꝑ u̾ite
1236 987 2293 1153 d elui ai fait mon bom si mẽ sui retorne
1222 1061 2320 1217 s ire pour dieu de moi uous ẽpreigne pite
1305 1148 2284 1281 he dist li prĩarches uous estes sages hõ
1296 1226 2399 1359 dites che quil uous plaist ⁊ nous les cout̾on
1155 1207 1319 1392 C
1167 1304 2192 1442 o stes moi le couro̾ne port̾ ne la deuom
1167 1387 2192 1511 p᷑ ych̾est gnͣt meffait la t̾re widerom
1158 1456 2146 1594 r espont li prĩarches tais toi roi salꝰ.
1135 1529 2192 1658 n est nr̃e poostes ne faire nel deuom
1125 1630 2183 1745 i chou q̃ diex a fait ꝑ foi ne defferom
1125 1690 2320 1810 r e main de sor toi metre biax sire nẽ osom
1093 1777 2316 1897 d iex te doinst boin conseil car nouᷤ ne le sauõ
1194 1860 2215 1961 omẽt dist salꝰ. conseil ne me dõnes
1185 1924 2293 2039 sire q̃il le donrai q̃ me des couronnes
1022 1862 1210 2085 C
1066 1991 2366 2154 i ai g̾pi mon seignour si nous y̾ racordes
1080 2094 2228 2214 s i ferai ie biausire sachies le ꝑ u̾tes
1084 2173 2394 2320 c hes dras royaus mostes si me desciplines
1084 2251 2348 2407 r espont li prĩarches biau sire or mẽtendes
1098 2329 2155 2457 i a fu rois ur̃e ꝑe oil bñ le saues
1102 2411 2265 2545 i l fu eslis de dieu en oins ⁊ courõnes
1098 2490 2284 2637 u oz lestes ensemẽt helas ꝯ mal fui nes
1102 2554 2293 2705 q nͣt enu̾s mõ seignor sui y̾ssi mesesres
1112 2623 2334 2811 r espõt li prĩarches uous uous amẽderes
1102 2696 2284 2880 n e uous poons deffaire ne seres desposes
1121 2774 2219 2944 e t q̃ deuit̃ uos sens tous yfu oublies
1116 2843 2224 3022 a ues boꝰ les y do les naie aĩz les ai ietes
1116 2912 2164 3096 ⁊ de sꝰ[ ]pi biau sire ⁊ dõne as mauffes
1121 2977 2325 3206 d ont prenes penitanche ⁊ uous leme dõnes
1116 3059 2109 3252 u olenti̾s biax doz sire aũre uolente
1217 3133 2251 3353 he respont salꝰ. qui mlt̾ fu de gnͣt sens
1086 3140 1247 3326 C
1227 3215 2302 3450 arai dont penitanche de mes mal[ ] esremẽs
1093 3266 2118 3482 d il biax sire chiers tout a nr̃e talent
1080 3344 2183 3569 ⁊ respont sablꝰ. puis q̃ maues couuea
1087 3433 2163 3647 q̾ le ert a mõ boloir sachies aencient
1089 3491 2224 3753 d e ꝑ toute ma t̾e ferai mãder ma gent
1084 3560 2160 3813 ⁊ qnͣt ert a bnee ⁊ toute ert en p̾sent
1084 3620 2233 3895 l a male oeure qͣi faite dirai aꝑtemẽt
1084 3698 2210 3983 ⁊ qnͣt arai iehi trestout le cõuuenẽt
1089 3762 2293 4070 p uis me despoullerai sans nul arrestemẽt
1089 3840 2155 4134 s iliu̾rai ma char apaiue ⁊ a tormẽt
1089 3900 2215 4290 ⁊ boeil q̃ soit menee sans nul delaiemẽt
2429 673 3333 765 ꝑ  toute la chite ⁊ batue formẽt
2421 730 3382 826 d escorgies nouees frapee duremẽt
2440 776 3502 891 r espont li prĩarche sil uous biẽt aralent
2431 849 3502 960 c he ne feres bo us mie ꝑ le miẽ loemẽt
2444 914 3479 1033 c ar trop seroit cruels sachies aenciẽt
2435 983 3442 1116 ⁊ respont salꝰ bous ꝑles de noient
2431 1042 3612 1194 i e boeil cain si soit fait si ert amõ talent
2449 1111 3616 1281 p le pech ie cai fait soit pris tel bẽgemẽt
2567 1188 3646 1356 a su la penitanche mlt̾ hõteuse esgardee
2379 1172 2595 1435 L
2578 1263 3653 1437 ne fu du priarche mais delui porpensee
2444 1355 3635 1520 m ander a fait la gent de toute la contree
2454 1464 3566 1601 q nͣt fu toute la gent du pais abuee
2467 1520 3630 1672 r ois salꝰ ni fait pas longe de mouree
2454 1594 3681 1759 l a male oeure cot faite a toute demoustre
2449 1681 3662 1828 s eignor la fu le iour maĩte lꝰme plouree
2444 1782 3607 1911 m lt̃ ẽ fu boir dolante la gẽt dela ꝯtree
2454 1837 3603 2007 l i rois osta ses dras si a sachar liuree
2444 1911 3575 2085 l .iiii. de ses hõmes ⁊ belt q̃ soit frapee
2449 1984 3635 2159 d escorgies nouees ⁊ toute sanglentee
2449 2053 3639 2232 ⁊ issy lont il fait sans nule demouree
2458 2099 3722 2347 ꝑ toute la chite qui tant ert longue ⁊ lee
2463 2186 3699 2434 l ont mene tout batant ocorgie nouee
2467 2223 3777 2535 a ĩz char de si haut hõme ne fu si demenee
2463 2457 3598 2825 p᷑  pech ie q̃ust fait ne si desciplinee
2601 2597 3636 2921 eignor tel penitanche sal̾ꝰ. esgarda
2426 2565 2618 2784 S
2426 2738 3704 3114 ne chela son pechie mais a toz le moustra
2569 2650 3699 3018 a .iiii. hõmes sa char a martire liura
2421 2797 3681 3183 a p̾s y chel meffait mlt̾ longuemẽt regna
2412 2880 3524 3229 ⁊ qnͣt bit̃ a son iour rois salem̃. fina
2394 2944 3672 3344 i l escrit maĩt boĩ liure maĩte bome oeure ouia
2376 3050 3506 3381 t ant ꝯ li siecles duit ses escris ne faura
2389 3128 3460 3436 i che boz dit h̾ꝰmans nuls hõ mardoucã
2362 3229 3364 3491 q̾ il ne soit o dieu ⁊ tous iors y sera
2362 3307 3497 3578 m ais anchois quil fust mors roldã er[  ]gra
2343 3404 3400 3624 l p̾s le mort de lui ꝯme boĩs rois regna
2313 3358 2491 3647 L
2481 3522 3327 3693 i lignage dauid mlt̾ ꝑ fu essauchies
2348 3633 3327 3799 m l̃t̾ en furent ꝓphẽs do̾t dix fu anõchies
2484 3595 3351 3754 mlt̾ binrẽt roi de lui qui furẽt fort ⁊ a̾s
2371 3702 3405 3882 e nchois q̃ dix fust nes plus de.c. ans ⁊ mies
2366 3762 3194 3923 f u il ꝑ les ꝓphẽs seignor ꝓphẽt isies
2362 3822 3364 3996 s eignor de sa naissanche fu mlt̾ gnͣs desiriers
2371 3900 3304 4061 ꝑ trestoutes les teres en ert gnͣt li mesti̾s
2362 3983 3226 4102 s eignour saues oi ꝯli mõs fu iugies
2330 4038 3341 4203 t ous furẽt au deluge fors .uiii. ames noies
2330 4125 3295 4313 q nͣt dix se courecha onq̃s nẽ prist pities
4476 583 4586 748 N
4600 560 5317 712 oe en reserua de chel ꝑil mortal
4503 601 5459 767 l es autres en cacha en la mort in fernal
4508 675 5331 854 l a mainẽt li deable mlt̾ ya mal ostal
4508 693 5418 886 d e noe binrẽt hõme qui mlt̾ furent loial
4517 781 5372 937 qͥ onq̃s norent cure de pech ie creminal
4508 826 5413 996 d elui uĩt abrahã qui onq̃s nama mal
4499 900 5225 1056 i saac ⁊ iacob qui firent autretal
4503 914 5427 1102 d aus uint li rois dauid o son ceptre roial
4490 1029 4935 1194 q nͣt che uit li deables
4945 1029 5400 1148 q tant erẽt loial
4471 1088 4820 1235 s ẽ seigna leur ens
4857 1065 5436 1231 ans le pechie criminal
4453 1157 4775 1300 t ant a este ent
4807 1157 5413 1323 raus tout li sont ꝯmunal
4448 1235 4733 1378 l i sires qnͣt
5078 1249 5289 1392 imꝑial
4411 1318 4701 1589 a lui a a
5170 1332 5266 1488 al
5243 1387 5496 1516 mortal
4485 1447 4908 1667 le bit dũ s[  ] ege
5363 1493 5469 1777 ste
4503 1525 5046 1727 son maistre senel
4347 1644 4457 1791 cpel
4531 1575 5124 1805 dt des dedre ẽs elsiecle
4315 1709 4517 1901 ist quil
4356 1640 5225 1961 he li dist .. milriex tu as le pooli
4375 1695 5289 2044 dont descẽdi li surs de sa gnͣt maier
4274 1764 5326 2159 b int tout droit au deable ⁊ sila apele
4306 1856 5344 2205 d i dot̾ bies ⁊ ou uas.⁊ ou as conu̾se
4310 1947 5285 2255 l i deables respont sachies ꝑ u̾ite
4333 2021 5308 2320 i ou ai trestout le mot̃ issi auirõne
4333 2099 5340 2365 q̾ qͣnql a el mont ai tout auirõne
4324 2182 5262 2448 ⁊ diex li respndi qnͣt il ot escoute
4338 2214 5469 2499 e ntre toi ⁊ la fẽme a mlt̃ gnͣt amiste
4329 2306 5519 2600 s achies q̃ gi metrai mlt̾ gnͣt anemistie
4315 2416 5335 2660 ꝑ fẽme la conqͥs. ꝑfem̾e tert oste
4315 2471 5491 2710 u ne tele naistra dont seras engane
4310 2568 5349 2770 ꝑ la sieue semẽche seras desbarete
4457 2604 5542 2852 r bous dirai apres dune noble lignie
4301 2746 4477 2963 O
4462 2701 5588 2940 q̾ l ssi dab ham qui o gnͣt seignorie
4324 2807 5473 3036 d u q̃ il ysaac bit̃ qui fu de noble uie
4333 2880 5427 3105 q̾ eng̾ra iacob qui ne i fu soit mie
4361 2958 5372 3188 a faire q̃ sa loi fust ẽ soi essauchie
4379 2999 5639 3261 d e qui iudas issi q̃ mes cuers pas noublie
4379 3114 5593 3372 q̾ phares ⁊ zaram ot puis de thamariie
4411 3183 5560 3427 l a cq̃ster hõneur de tres haute maistre
4421 3257 5556 3523 ⁊ desrom uint aram qui hõneur ẽ carlrie
4595 3330 5519 3546 ut dont ammiua dap uĩt qͥ ot loiaute
4609 3431 5464 3620 de qui naason uint ꝑ le dieu uolẽte
4420 3443 4618 3656 E
4531 3509 5386 3707 qͥ salmon ẽgenra en droite u̾ite
4504 3583 5390 3753 d e qui booz issi de raab en chite
4568 3661 5381 3803 ⁊ de lui uĩt obeth qui ẽg̾ra iesse
4586 3679 5593 3877 d ont li rois dauid uĩt qui ot gnͣt digroiate
4609 3790 5459 3937 qͥ le roi sa femẽ eng̾ra de bom gre
4632 3854 5565 4006 d e qui roboam uint .i. roi degnͣt bonte
4637 3932 5427 4065 d ont abyas li rois qui ot biaute
4646 3983 5510 4130 ⁊ loiaute aussi qui point nel a greue
4660 4047 5588 4194 c hil eng̾ra asa [      ]  le roi qui aoure
4655 4116 5491 4267 a u douch boloir ihu le roi de maiste
4646 4185 5464 4332 d e cheli iozaphat bĩt sans iniquite
4678 4217 5533 4387 qͥ eng̾ra ioram chil fu rois de moustre
4765 4286 5556 4437 e ioram ozias bĩt che ne doutes poĩt
4642 4383 4798 4551 D
4802 4359 5606 4649 dozias ioatham ou nul mal not aioit
5014 4428 5620 4630 arber [  ] mlt̾ ot le cuer coĩt
4660 4479 4972 4672 c hils enc
4966 4483 5037 4624 fra
5107 4499 5263 4658 ac qui [  ]
5634 491 6594 638 d eli ezechias issi qui tout apoint
5790 514 6774 693 u urdit augre de diu siq̃s mal ne sentoit
5605 599 5797 725 O
5799 588 6755 744 ⁊ chelui manasses qui nulnial ne uoloit
5643 652 6691 808 d echeuoir. aĩs fist qua bñ les atraioit
5634 716 6815 845 c hou ert li deerais des rois ou mal n auoir
5639 771 6788 918 ⁊ manasses amon qui poit ne sesinaioit
5634 836 6765 992 p our ꝓphisier le tans q̃ ihũ cust u̾roit
5625 918 6663 1052 ⁊ amon iozias qui mlt̾ le desiroit
5822 978 6829 1111 ont leconias uit̃ ⁊ aussi plusours fr̾es
5605 1020 5816 1199 D
5827 1033 6939 1189 qͥ gnͣs [ ]ahans souffriret puissediẽ lor weres
5671 1107 6852 1258 c ar babilone ẽ fu destruite ẽ plusors t̾es
5685 1176 6861 1346 d epuis ie conias qui ne fu pas iẽgleres
5675 1249 6751 1433 i ssi salatiel qui puissedi fu peres
5683 1298 6927 1519 z or obabel le preu qui pas ne fu iouglere
5836 1378 6985 1571 ins su cortois ⁊ sages corageus ⁊ hardis
5634 1529 5813 1667 A
5841 1465 6884 1640 ⁊ de li abiud qui ne fist gaires pis
5685 1539 6870 1709 d e qui eliachi issi li boins ⁊ ligͥentis
5675 1626 6815 1773 c hil eng̾ra azor qui bñ fu enfetis
5707 1672 6884 1860 a faire sen deuoir de che sui ie tous fis
5703 1773 6898 1938 d e cheli uit̾ sa doth qui a dui fu amis
5698 1846 6838 2016 s i eng̾ra achim qui de diu fu espris
5675 1915 6824 2117 c ar il sentoit q̃ diex u̾roit de ꝑadis
5845 1966 7034 2189 ombrer en le bierge pour noz des anemis
6048 2039 7031 2264 [  ]grace quil nous auoit ꝓmis
6400 2180 6676 2294 li senes
6568 2208 6961 2385 pes clames
5721 2237 6218 2448 d eliurer ꝑ le
6769 2251 7026 2517 e doutes
6884 2333 6999 2531 es
5873 2379 6461 2563 e achim issi eluid
5675 2385 5869 2581 D
5876 2468 6578 2652 qͥ a eleazar fu puis
5703 2535 6778 2784 c hil eng̾ra machan qui mlt̃ fu
5717 2614 6870 2880 d e qui iacob issi qui de diu fu ali
5712 2696 6751 2921 ⁊ de iacob issi iosep chest u̾ites
5717 2784 6985 3050 q̾ fu espeus le ui̾ge dont chũcris fu nes
5868 2866 7004 3119 r escoutes seignour nel tenes pas a rage
5674 2858 5877 3018 O
5859 2921 6879 3169 me dirai de foliẽ ne dirai de putage
5730 2986 6985 3266 n e dirai pas mẽchongne mais cose [  ] table
5721 3078 6935 3307 d irai uous de le uierge dot̾̃ ai dit le ꝑage
5721 3165 6875 3344 c ui ihũcris ama ꝑ son gnͣt uasselage
5721 3234 6838 3404 d elui doitõ bñ dire car ch̾̾tes nul outre
5707 3284 6875 3468 n ot onq̃s en sa uie tant fu cortoise ⁊ sa
5703 3385 6870 3537 d elui uaurai ꝑl̾ bñ lai ẽ mon corage
5689 3454 6976 3606 d iex mẽ doit bñ tenir delosile droit boiage
5701 3528 6942 3669 q̾ ne soie tenus por fol ne mais pour sage
5694 3606 6944 3735 d e chou q̃ iai meffait a lui tẽs ie mõ gage
5675 3666 6921 3808 c ar gnͣs mestis noz est q̃ nous soit b̾itable
5694 3753 6788 3863 u̾ s son douch fil ihũ le ꝑe espitable
5689 3826 6866 3932 d u se che nõ ꝑ foi tout ỹserions ꝑdable
5680 3891 6889 4001 m ais primes boꝰ dirai ⁊ ꝑ boĩ tesmõguage
5671 3964 6889 4107 c õment fu anõchis ꝑ moysem le sage
5675 4038 6663 4139 ⁊ ꝑ ysayas qui fu de gnt̃ ꝑage
5685 4102 6925 4212 ⁊ ꝑ autres ꝓphẽs de le loi mlt̾ tres sage
5841 4171 6838 4290 r escoutes seignour q̃ diex boꝰ leneie
5673 4189 5847 4364 O
5845 4249 6549 4364 s i orres .i. ꝑlꝰ de ꝓphesie
5721 4263 6875 4419 c ar diex dist au deable q̃ fẽme estoit su mie
5721 4364 6806 4488 c ar bñ seut q̃ ꝑ fẽme ert maĩte ame ꝑ le
5721 4405 6824 4580 o r beut diex que ꝑ feme re soit ame ga rie
4923 4600 5052 4747 12
6771 413 6921 545 2h
