8107 5513
1254 569 2348 836 e nsamble uĩenent les bons brãs enteses
1231 675 2068 886 m ais .h̾. a le rice branc leue
1231 730 2242 973 a ussi ꝯmence de sor iaus a capler
1231 794 2270 1010 ꝯ fait li feures q̃ de fer uoeltourer
1213 872 2164 1065 m ais li haubers cot .h̾. endosse
1217 955 2187 1134 d e mort gar le gentil bacele
1231 1029 2274 1222 ⁊ li bachins qͥl ot el chief frame
1245 1107 2238 1309 ⁊ .h̾. tint le branc dacier letre
1245 1199 2284 1387 s i en fiert .i. que plus na arresi
1240 1290 2284 1456 a lescremie fu bñ endoctrines
1236 1373 2366 1543 l e cief li fait hors del bu desseure
1245 1460 2297 1621 l i glous cai que ne pot ꝯtrester
1236 1552 2302 1704 o utre lecieres dist .h̾. li membres
1254 1612 2467 1787 n e uorras mais ie cuich pucelle amer
1245 1704 2362 1879 n e accoler baisier oultre son gre
1245 1787 2325 1957 l i tiers sen fuit ne losa ꝯtrester
1245 1869 2412 2026 d roit uers laigni a son cemintorne
1240 1975 2228 2113 j a lencauchast .h̾. li bacelers
1245 2053 2265 2200 Q nͣt biatrix li ꝯmence acrier
1250 2131 2467 2283 a mis dist ele ie uous proi retornes
1245 2223 2334 2384 l e leceour car len laissies aler
1245 2297 2472 2444 a lons nous ent sãs plus del arrester
1263 2402 2389 2522 c ar mlt̃ sai b̾ñ q̃ encaucies seres
1254 2476 2467 2614 u os ceuaus est de courre entalentes
1263 2568 2339 2701 f uies uous ent p᷑ uo uie saluer
1254 2650 2247 2784 i e mẽ irai ꝑ ce cemin ferre
1240 2728 2362 2871 s e mes cors est hõnis ⁊ uergõdes
1254 2830 2421 2944 i ou nẽ dorroiee .ii. deniers mõnees
1268 2921 2477 3022 m ais que uos cors soit de mort deliures
1263 2990 2399 3110 l asse dolante ꝯment porrai durer
1282 3082 2435 3202 h e disnes dix la mort car me dõnes
1296 3165 2380 3289 Q nͣt ia doi hõme st̃ p᷑ mõ cors tue
1300 3252 2412 3404 d ont se repasme .biatrix. au uis cler
1300 3339 2274 3459 l enfes .h̾. len courut releuer
1300 3422 2412 3560 d ame dist il laissies cel duel ester
1305 3514 2394 3629 uꝰ estes moie en uendre ⁊ en doner
1309 3592 2435 3707 u es cors est miẽs car ie lai accate
1299 3690 2426 3803 s maiut dix uꝰ estes mes cateus
1314 3767 2293 3886 ꝑ cele foi que ie doi diu porter
1326 3859 2386 3966 u q̃ ie uoise auoec moi enuendres
1291 3941 2311 4061 s e le ieune auoec moi iuneres
1323 4033 2368 4122 ⁊ bñ ⁊ mal auoec moi prendes
1292 4104 2294 4214 s ire dist ele dix uꝰ en sace gre
1317 4180 2454 4297 Q nͣt le mien cors si bñ garir uoles
1314 4254 2426 4433 m oi ꝯuient faire les urẽs uolentes
2371 505 3354 689 p uis quest ensi qui men uoles mener
2366 592 3364 744 c est cemin chi laissõmes gentis bers
2376 643 3377 808 ⁊  si entrons dedens cest bois rame
2371 684 3423 886 s i nous muchons p᷑ nos cors
2385 776 3258 960 Q̃ ne soions ꝑchiut ⁊ rauise
2394 822 3290 1042 d ist .h̾. bele a uostre uolente
2408 845 3419 1130 u rẽs consaus ma de la mort tense
2399 955 3377 1212 s e ie neusse le hauberc endosse
2426 1029 3359 1300 ⁊ en mõ chief le bachinet ferme
3152 1240 3514 1372 ue ie ia ꝯqueste
2435 1093 3387 1387 i e fusse mors et a ma fin ales
3299 1309 3524 1428 is mener
2444 1143 3497 1474 ⁊ dix de glors qui bĩe ma garande
2454 1336 3074 1552 m ais cel destrier q
2467 1364 3313 1626 u aurrai omoi en mon pa
2490 1387 3557 1713 d u losengier uorrai hui mais ꝑler
2509 1460 3552 1810 f uiant sen ua le frain abandone
2532 1552 3488 1901 m lt̃ ꝑfu lies qnͣt il fu escapes
2536 1603 3566 2007 d uqua laigni ne se uaut arrester
2532 1686 3584 2090 l e p̃uost trueue si li prist a crier
2532 2012 3506 2292 s ire dist il urẽs fix est tues
2536 2122 3575 2365 ⁊ ses ꝯpains qua nies estoit labbe
2546 2214 3566 2453 d ix ma aidiet qnͣt ie son escapes
2541 2297 3520 2494 l ip̾uos lot at̾re chiet pasmes
2527 2379 3557 2577 ⁊ qnͣt reuint en halt prist a crier
2532 2476 3423 2641 Qͥ a ce fait amis ne me celes
2509 2563 3469 2715 s ire dist il . uns damoisiax loes
2523 2646 3433 2793 Qͥ est de mes ce dist on ꝑ uerte
2513 2738 3423 2852 u ne pucelle accata au uis cler
2509 2825 3543 2940 Q uen mentiroie frãs p̾uos natures
2509 2898 3391 3022 p᷑ ur̃e fil le damoisel membre
2509 2963 3570 3114 a u deuant fumes sor les destriers mõte
2509 3036 3359 3188 p᷑ la pucelle ⁊ tolir ⁊ rober
2513 3087 3479 3271 c ot accatee dor ⁊ dargent asses
2518 3169 3479 3372 l i damoisiax dont uous oi aues
2523 3220 3520 3477 f aire en uoloit uos fis ses uolentes
2518 3294 3534 3560 m ais il me samble mlt̃ la chier ꝯpare
2518 3408 3313 3656 ⁊ li p̃uos apris a escrier
2532 3413 3561 3748 o r tost as armes sergant ⁊ baceler
2523 3689 3423 3960 s e il escape mlt̃ feres a blasmer
2527 3799 3451 4029 ⁊ il se queurent fer uestir ⁊ armer
2532 3877 3515 4102 u estent haubers lachent elmes gẽmes
2518 3964 3502 4185 p rendent espees ceuaus sũt monte
2513 4065 3474 4245 a lors cax pendent les fois escus bendes
2518 4153 3469 4309 ⁊ li p̾uos fut ricement armes
2541 4222 3387 4428 d usques au bois niot regne tire
2504 4290 3212 4534 u ses fix gist ⁊ mors ⁊ deuies
4641 565 5354 753 ⁊ ses ꝯpaines regisoit pardeles
4637 647 4945 794 l ip̃uos chiet
5326 578 5533 725 pames
4618 707 4779 813 m ais
5386 693 5533 923 uer
4623 762 4761 895 l i frãs
4568 941 4706 1052 d anzi
4577 891 4696 1019 N e p
4600 826 4710 946 f ix
4536 1010 4724 1153 Q nͣt tas
4517 1084 4683 1180 a u
4508 1157 4820 1286 c ar sil mescape
4696 996 4853 1226 escrie b
5298 1015 5418 1226 ber
4482 1228 4801 1356 Q nͣt cil loirent
4471 1300 4775 1433 a pres senuont
4444 1359 4784 1548 d usques au bois
4444 1442 4673 1571 l es esclos
4995 1387 5331 1607 arrest
5119 1401 5358 1552 es
4425 1511 4839 1626 d ont se retournẽt les
4912 1493 5427 1713 ais nel porent trouer
4444 1594 4752 1727 l es mors enfont
4912 1589 5404 1810 s fraĩs abandones
4434 1686 5271 1938 a u matinet les ont fais enterer
4830 1653 5335 1879 a laigni reporter
4425 1745 5298 2035 m ais de heluil uou uaurrõm ꝯter
4421 1819 5220 2136 Qͥ ceuauchoit ꝑmi le bois rame
4476 2163 5027 2416 ⁊ biatrix de iouste son coste
4467 2251 5211 2448 .i. cemin gaste ꝑmi le bos rame
4485 2315 5271 2499 c ele nuit errent tãt qͥl fu aiorne
4494 2407 5266 2572 i ssu en sũt qͣt uirent la clarte
4522 2494 5188 2637 d ont a biatrix le baron apele
4522 2577 5243 2710 s ire dist ele pour diu de maiste
4540 2660 5289 2774 m etes moi ius del mulet affeutre
4549 2747 5207 2857 l i cuers me faut sacies ꝑ u̾ite
4549 2820 5317 2926 i e ne puis plus ceuaucier ne errer
4554 2894 5317 2999 d ont descendi .heluis. li bacelers
4554 2963 5266 3110 s i lembracha doucement ⁊ souef
4577 3027 5041 3133 ⁊ lamĩst ius del mulet a
4582 3091 5271 3257 E le se pasme ne pot seur pies ester
5101 3045 5207 3174 tre
4586 3156 5207 3330 .h. len diece li gentix ⁊ li bers
4586 3234 5321 3418 t res douce suer dist .h̾. li membres
4600 3280 5262 3486 ⁊ car me dites pour diu de maiste
4609 3335 5193 3546 Q uꝰ aues por diu nel me celes
4582 3399 5294 3702 s ire dist ele ai uous mõ penser
4669 3725 5441 3969 l i cuers me faut ne puis sor pies ester
4660 3882 5390 4038 i peu de pain pour diu amis queres
4660 3969 5266 4084 u se ce non ie ne porra durer
4678 4052 5230 4171 d ix dist .h̾. ou sera il troues
4699 4128 5349 4229 e l ceual saut .heluis . li bacelers
4706 4186 5401 4281 Q̾ re du pain en ua nest arrestes
4706 4251 5438 4349 e l fons dun ual a pus a resgarder
4706 4309 5266 4474 u ne karue icoisi ahaner
5648 496 5735 661 c
5951 597 6089 748 ele par
5639 615 6048 744 l e bouu e b
6604 629 6866 767 abandõne
5634 702 6627 840 a mis dist li pour diu de maiste
6282 684 6415 781 prist
6617 721 6691 840 er
5648 762 6843 950 d e ur̃e pain sil uous  plaist me dones
5729 863 6700 1010 ai chi .xx. liũ destrelins mõneses
5565 937 6843 1102 p uostre pain uoel que tous les prendes
5556 1038 6594 1157 ⁊ cis cuida que le uosist gaber
5560 1111 6594 1245 m erci li prie p᷑ diu de maiste
5560 1185 6875 1346 b iax tres dous sire ur̃e argent repẽdes
5560 1286 6907 1433 p rendes du pain tãt qͥl uous uiẽt engre
5560 1332 6493 1502 .h̾. emprist li gentis ⁊ li ber
5551 1451 6640 1589 ⁊ puis si est arriere retournes
5528 1543 6521 1676 a biatrix la bele o le uis cler
5542 1612 6691 1759 d u pain li dõne ꝑ mlt̃ gnͣt amiste
5537 1695 6696 1846 e le enmengue car mlt̃ lot desire
5542 1791 6576 1934 p uis li a dit or en ai iou asses
5547 1869 6732 2012 r emontes moi el mulet a feutre
5533 1957 6585 2099 d ist .h̾. belle a uostre uolente
5528 2058 6829 2196 a tant remontent ni ont plus arreste
5510 2131 6585 2269 i snelement se sunt acem̃ine
5524 2223 6824 2356 p assent les t̾res sunt maĩt ual auale
5528 2310 6673 2439 t ant ceuaucha. heluis li bacelers
5524 2402 6723 2526 Qͥ l uoit ses oncles a .i. ual aualer
5666 2476 6824 2604 es or ceuauce li damoisiaus .heluis.
5510 2494 5675 2696 D
5685 2577 6833 2701 ses oncles uoit qͥ errent lor cemin
5528 2646 6769 2774 a rriere esgardent si ont coisi. heluil.
5524 2738 6852 2862 d ist luns a lautre nr̃es nies uiẽt ici
5536 2839 6853 2940 ⁊ une dame  ceuauce auoecques lui
5528 2917 6604 3027 a tantes uous le damoisel .h̾.
5510 2995 6843 3110 l uns de ses oncles a apeller len prist
5536 3090 6835 3209 b iax sire nies pour diu qui ne menti
5542 3160 6769 3284 u est lauoir qui sen uient auoec ti
5537 3234 6783 3390 ꝑ ma foi oncles ce li respont. heluis.
5537 3344 6783 3464 i ai accatee ceste dame aucler uis
5537 3431 6438 3546 Qͥ uaut lonor de .lx. pais
5524 3491 6769 3638 s i oncle loent sen̾ ont gete .i. ris
5536 3583 6835 3730 ⁊ dient tout caitis garchons qͧs dit
5542 3666 6824 3836 t as accatee une putain miautrix
5573 3758 6694 3905 Qͥ ꝯmuneus estoit aual laigni
5576 3840 6795 3996 n us nen uoloit faire le sien plaisir
5602 3909 6852 4070 p our .ii. deniers nen eust son plaisir
5597 4006 6617 4134 ⁊ dist .h̾. uous i aues menti
5611 4070 6742 4217 h auce le poing si en ua .i. ferir
5625 4148 6719 4295 c el qui putain apela biatris
5588 4180 6861 4516 g nͣt cop li donne del poing ẽmi leuis
4981 4643 5242 4780 54 a
7206 597 7339 767 115
7321 477 7445 615 cx
