8107 5513
1351 528 2320 689 s eignor des icheliour ꝯmẽcha ꝓphesie
1337 592 2311 735 d emoysem dirai nel tenes a folie
1318 652 2279 781 m lt̃ fait bñ aoir nest pas de lecherie
1427 747 2405 839 ant moises seignor fist sa gẽt assamblꝰ
1284 706 1432 868 D
1394 799 2279 894 a chascune lignie une u̾gue aportꝰ
1291 831 2293 941 l i sien ꝯmandemẽt ne font arefuser
1253 915 2163 1004 l enõ y fait escrire ⁊ bñ en seeler
1254 964 2371 1084 d u ꝓlus haut du lignage et bñ enseeler
1236 1015 2330 1143 q nt uĩt a len demain si uit̃ por esgarder
1231 1088 2325 1222 s e uĩt lune flourie ⁊ amandes porter
1231 1153 2320 1300 c hele fu a aron ne le uous lrier cheler
1219 1228 2374 1375 d ont fu por ramẽbrãche ꝯmãdee a garder
1286 1300 2297 1451 eignor che fula u̾gue q̃ aaron porta
1153 1310 1292 1460 S
1283 1375 2359 1522 qnͣt li boins moyses lendemaĩ lesgarda
1171 1410 2376 1621 f ueilles flors ⁊ amãdes li.s̃. hõs ytrouua
1176 1529 2242 1663 a la gent du pais atrestoz le moustre
1153 1598 2247 1727 a donc ne leur haut dire q̃ chou sene fia
1148 1658 2228 1810 a ins le nust bñ ensauf ⁊ bñ le seela
1148 1750 2371 1892 m ais cheus qui ap̾s uit̃ noiẽt ne lor chela
1148 1814 2173 1961 c he fu ysayas q̃ diex tant ꝑ ama
1148 1888 2238 2035 c ouu̾tement lor dist qnͣt il ꝓphetiza
1259 1978 2218 2128 r oies dysaie q̃ dit couu̾tement
1091 1970 1261 2159 O
1253 2048 2239 2214 deuant lui apela ychele adu̾se gent
1107 2099 1976 2306 d e iesse chel boin hõme de s
1125 2182 1677 2333 n aistera une ui̾
1107 2260 1507 2499 d ela u̾gue
1080 2320 1314 2526 l a p
1061 2384 1167 2568 e
1796 2283 2320 2499 cio ug draiemet̃
1593 2416 2294 2612 ge qui noz sert ẽ pͥsent
1455 2511 2273 2710 utera une flor ensement
1305 2581 2270 2820 edra. s. espris iluec reposement
1222 2660 2215 2917 ipurs de sapiẽce de gnͣt entendemẽt
1222 2728 2265 2986 l itesmois delespur ara a emplemẽt
1125 2793 2389 3073 q̾ est pour dieu qua dit cherespot cele gent
1153 2885 2394 3147 n ous ne sauõs quadit trop dit couu̾temẽt
1282 2967 2421 3183 õt y chele fois ne lor uaut plus moustrer
1300 3041 2293 3271 dessi qͣ mlt̾ lonc tans q̃ lor mostra plꝰ clꝰ
1132 3136 1304 3329 D
1190 3119 2284 3362 ꝑ foi fait il segnour ie ne uous lriꝰ cheler
1185 3197 2219 3418 u ne ba[ ]g[ ] naistra dulignage iesse
1208 3284 2118 3482 i fil cõ cheu̾a qui bñ sara regner
1213 3335 2228 3523 d achies emanuel se fera apeler
1227 3422 2284 3601 b urre ⁊ miel mẽgera si sara deuiser
1231 3491 2365 3656 q̾ est boin ⁊ qui mal nẽ uauira pas dout̾
1208 3560 2288 3725 t restout diet̃ entraus noi mais si ꝑl̾ꝰ
1262 3650 2448 3785 a ucũs rois naistera nel ualt du tõt mostrer
1348 3718 2221 3852 ar foi dist y saiẽs ⁊ ie uoz ẽ dirai
1360 3762 2394 3941 uoeil q̃ uous le sachies̾ ⁊ iel demoustr̾ai
1250 3859 2389 4015 p our coi le cheleroie ne uous ẽ menturai
1193 3777 1366 4039 P
1245 3932 2454 4075 o r entẽdes trestous quẽ .i. luire escrit ac
1263 4015 2458 4134 s achies quap̾s [  ]a mort chel luire uoꝰ laurai
1259 4102 2421 4199 a s uos fils eit ꝯtraires q̃ ie tres bñ le sai
1273 4166 2265 4286 d ies el p̾mier chief q̃ ie ꝯmẽcherai
1286 4222 2394 4336 e ncor u̾ra .i. iour gnͣt ie pas ne serai
1323 4290 2403 4405 d e che cor ai escrit mlt̾ uous [ ]oure ch̾ai
1403 4370 2380 4462 edi q̃ de la ui̾ge uns enfes nous ert nes
1415 4444 2423 4523 c his enfes qui naistra si nous sera dones
1348 4480 2432 4627 d irai uous le sien nõ merueilley est nõmes
2490 546 3400 716 ⁊ si ert conseilli̾s il ert dix apeles
2500 647 3400 762 ⁊ du siecle auenir ert ꝑes renõmes
2513 707 3479 831 i l ert pr̃iches de pais mlt̾ ꝑ ert redoutes
2504 725 3446 882 d e chele pais nert fins ia mar ẽ douc̾es
2513 771 3345 923 l i empires de lui ne sera ia sines
2513 868 3460 992 o r le uous ai tout dit ne sai sel entẽdes
2660 928 3419 1029 etit enẽtendons ꝑ foi dant y saye
2671 989 3410 1096 l a ꝑole est obscurẽ tele ne fu oye
2431 923 2673 1222 P
2523 1052 3092 1171 c he respont li ꝓais
3152 1056 3520 1189 il uit gẽt tant haie
2518 1066 3166 1245 n oistes dela u̾gue poit
3244 1111 3506 1258 suut ⁊ florie
2495 1194 3217 1332 i e di q̃ chele u̾gue la uiot
3272 1180 3391 1405 uesie
2500 1277 2941 1392 e le ꝯ cheu̾a en
2490 1350 2913 1474 ⁊ ara .i. en
3388 1353 3523 1464 uue
2495 1419 2817 1557 i l saui
2486 1506 2752 1640 s e ue
3106 1451 3557 1672 helte mortel uie
3001 1529 3561 1741 fant dont [ ]ous ar
2470 1604 2636 1767 O
2918 1603 3621 1846 ia la gẽt q̃ le ne soit
2849 1653 3731 1975 us ne me crees demã[ ]es ieremie
2762 1713 3695 2035 entẽdes a moi se nel tenes a gas
2720 1787 3695 2117 qnͣt li. s̾. hõs u̾ra a dont si chesseras
2702 1883 3685 2196 l te taurra loĩture ia puis .i. nõideras
2532 1924 3603 2241 n e ses tu q̃ iai dit escoute si lorras
2527 2016 3750 2333 r ois soloies auoir mais puis nul nẽ aras
2490 2085 3731 2393 eignour de cheste uierge ꝑla ieremias
2458 2182 3547 2421 iosep li ꝓphc̃s si fist dans helias
2477 2255 3653 2494 e ncor uit helias nel tenes mie agas
2650 2367 3753 2588 r escoutes seignor mlt̾ biau ꝯme̾chemẽt
2421 2335 2644 2548 O
2628 2447 3731 2658 entedes de la rose ⁊ dulis ensement
2467 2508 3639 2719 o ies q̃ dist de lui qui goui̾me la gent
2454 2586 3616 2797 c õ del espine naist la rose puremẽt
2472 2678 3809 2871 p lus est douche marie q̃ oudour de puimẽt
2467 2724 3814 2967 s a bouche est mlt̾ tres douche ⁊ dy ucote si dẽt
2463 2830 3791 3041 s ioeil sont de oulon douch [  ] esgardemẽt
2477 2903 3763 3119 e ntre espines ⁊ ose a fait asamblement
2477 2986 3589 3179 s i estil de mamie ⁊ de toute sa gent
2628 3068 3740 3280 r escoutes seignor canchõ dirai mlt̾ bele
2431 3050 2637 3238 O
2622 3157 3722 3378 ia morres mlt̾ uoir dire de la ui̾ge puchele
2463 3206 3580 3431 ⁊ uous dirai du fruit q̃ porta la u̾gele
2472 3294 3460 3486 ⁊ de dant ysay ꝓphesie nouuele
2481 3372 3506 3565 p lus est boine a oir q̃ harpe ne uiele
2472 3427 3524 3638 qͥ mestier a daide fols est qui nel apele
2486 3542 3649 3739 n est ce gnͣt m̾ueille q̃ chil naist de sanchele
2500 3583 3593 3813 qͥ tout le mont enclot qui onq̃s ne canchele
2637 3702 3520 3846 e pere a cheste dame fu nes de galilee
2647 3762 3460 3900 dune bele chite nazareth est nõmee
2500 3822 3377 3955 d e belleem samere anne fu apelee
2518 3872 3396 4019 s es ꝑes ioachim fu de gnͣt renõmee
2509 3964 3442 4125 d ulignage dauid roys fu de la ꝯtree
2513 3987 3180 4120 d eie achĩ ⁊ da̾ne fu bele lasalee
2509 4088 3244 4203 a mc despeus [ ]e despeuse
2490 4157 3240 4267 n e fu tele trou[ ]mee⟦eeee⟧
2481 4222 3152 4332 e n chest siecle mortel
2463 4286 3203 4392 n e fu tant honnereeeee
2458 4364 3290 4488 d e nul assãblemẽt tel leeche menee
2463 4410 3354 4589 q nͣt ioachis le pust mlt̾ la [  ] demãdee
2458 4479 2853 4681 a la loi de si er
3189 4529 3318 4649 raisee
2803 4506 3033 4704 [ ] a la d
3056 4511 3175 4722 [  ]
2463 3776 2633 3863 L
5046 620 5487 767 irent mlt̾ uaillans
4738 675 4981 803 l es noces
5110 675 5473 785 one sains iehans
5151 735 5478 836 ne lairons ester
4742 776 4977 870 c e nous test
5193 790 5491 900 aurons parler
4839 822 5027 923 e sainte
5220 854 5372 950 erons
4825 872 5055 1033 dautre cest
4664 835 4824 996 D
5236 931 5579 1029 nous uairrons
4683 914 5082 1065 l e quit bien irepa
5254 986 5404 1105 oit
4669 973 5110 1143 a sainte aune quan
4650 1010 5179 1194 e nbellem un home
4632 1084 5357 1254 q ui mont relegrens esto[ ]it
4637 1157 5404 1332 p restres estoit bien le sa uous
4623 1235 5271 1401 z acarias estoit ses nons
4623 1323 5253 1479 ⁊ sa feme cot esponsee
4609 1401 5225 1529 e li zabeth fu apellee
4632 1488 5372 1612 a ndoi estoient uielle gent
4672 1577 5465 1684 hascrais auoit plus de .c. ans
4660 1656 5478 1779 his auoient blances les crines
4623 1736 5524 1874 or ne flours de lis ne piax dermines
4637 1833 5446 1957 a ins neporrent auoir enfans
4637 1906 5441 2058 q ue ne fu pas le dieu ꝯ mans
4623 1952 5400 2140 d es que a cele enre ca dieu plot
4614 2021 5400 2246 q ui lor en uous chou quil uot
4563 2209 5248 2393 ⁊ il estoit auoit un iour
4577 2301 5377 2444 d euant lautel nostre signour
4586 2411 5179 2526 u le sacre fisse faisoit
4571 2483 5318 2612 s e lonc la loi que il tenoit
4559 2551 5361 2686 .i. sains angles est descendus
4531 2643 5303 2774 qͥ deuant lui est aparus
4574 2728 5242 2872 o ies fait il ⁊aquaries
4577 2802 5289 2944 p arole amoi ne doute pas
4604 2891 5358 3026 q uant tuas fait lesacrefisse
4604 2967 5308 3091 l amesse dite ⁊le seruisse
4638 3065 5245 3169 a ten ostel cenua ariere
4641 3139 5395 3258 t afemme monstre bele ciers
4647 3231 5413 3347 d ieus ten donra un cel enfant
4654 3307 5374 3418 q ue noste sire amera tant
4675 3384 5435 3488 q ue oneques home tant nama
4692 3450 5344 3569 a u iour conle bantisera
4715 3505 5344 3653 ie ham par non la peleres
4733 3555 5326 3716 z acarias sest des gardes
4742 3638 5363 3771 q uesce fait il que tuas dit
4752 3702 5400 3826 n ous son mes uiel  ⁊ aslit
4779 3767 5459 3891 ꝯ ment aries mes nous enfant
4770 3790 5367 3932 c hou est parole de aoiant
4791 3877 5404 3984 c este cose ne troi iou mie
4791 3941 5407 4058 c ar chouseroit uielle sotie
2504 4860 2550 5071 l
2601 4851 2950 5048 noches furẽt
5455 1947 5740 2218 pag
5482 2191 5730 2719 29
5910 560 6659 624 o si oies que li angles dist
5891 592 6797 684 s i con nous tre il nons en estrt
5901 652 6654 725 s es tu fait il zaquarias
5913 710 6651 808 q uel g̾rredon tu enaras
5910 771 6783 891 t u as mescreu tonsignour
5904 857 6804 949 q ui nest mie de tel uallour
5904 924 6847 1032 q ue il te piust donner enfant
5901 992 6696 1111 o r sacies bien aesslant
5901 1047 6797 1199 q̾ dus ta dont quil seranes
5901 1139 6751 1277 c t circoncis ⁊ apelles
5910 1217 6806 1364 i ehan par non lapelleres
5887 1290 6760 1415 c e saces tu muians seras
6126 1359 7008 1506 isains angles sen est tournes
5878 1387 6067 1621 L
6133 1460 6850 1601 zaquarias iest remes
5910 1557 6843 1686 q uant il ot fait le sacre fisse
5901 1630 6806 1768 l amesse dite et lesernisse
5914 1722 6806 1874 i l issi fors dutabernacle
5910 1814 6801 1966 e t diex ifist si bel miracle
5910 1906 6985 2035 q ue quant on uauist almꝑler
5910 2009 7007 2116 q uil nepot onques mot sonner
5910 2090 6820 2209 t ous lisiecles ses meruilla
5919 2173 6751 2301 z aquarias sepour pensa
5916 2260 6814 2379 q ue il auoit mal esploitiet
5910 2339 6863 2462 q uant il auoit dieu corociet
5905 2425 6751 2540 i l sendala enson repaire
5891 2513 6829 2623 s a feme irueue de bonaire
5910 2604 6714 2724 i lseconcerent en lor lit
5901 2673 6852 2802 s icon nous trouons enescrit
5919 2770 6751 2885 e t lalettre le dist lisant
5905 2848 6889 2958 d ont fu engenres . S̾. iehaut
5901 2931 6696 3045 c hou est la fine uerites
5901 2999 6958 3124 o nques mioldres hom ne fu nes
5910 3101 6815 3220 f orsques ihũ le creatour
5901 3188 6889 3307 l eroi duciel nostre signour
5905 3257 6925 3385 g rans ioies fu qnͣt dix fu nes
5901 3330 7026 3468 e t grans dolours qnͣt fu penes
5901 3418 6792 3537 m ais ille soufri bonement
5914 3491 6810 3633 p our racater toute sagent
5901 3565 6852 3712 e t par une uirgene pucele
5910 3647 6971 3808 q ui tant par fu courtoise ⁊ belle
5901 3744 6723 3877 e lle fu fille a un baron
5896 3808 6723 3932 q ui ioacins auoit anon
5896 3886 6723 3996 c is ioachis qui peres fu
5896 3950 6622 4075 a la mere le roi ihesu
5891 4015 6765 4203 f u .xii. ans osamouillier
7091 464 7233 638 25
