8107 5513
1144 597 1829 721 d eses amis qui la estoient
1135 643 1888 808 q ui doucement lereclamoient
1277 679 1930 845 dans noes ⁊ abrehans
1089 767 1250 923 A
1273 762 1902 937 jacob dabis ⁊ moysans
1080 840 1663 978 e zesiel et  enaieme
1070 900 1659 1052 e zesiaus et errasci
1066 969 1930 1120 e t sains danis et sains dathas
1061 1052 1824 1212 b irrent laclarte [     ] sus
1047 1116 1879 1272 d iables mout ses meiuslist
1034 1203 1939 1332 q uant en luser assece crouua
1006 1281 1852 1405 q ui la poissance uni sarroit
1001 1373 1930 1488 d eriens neses . [ ]oiselloroit
978 1442 2003 1566 s e marie uirgene enfanta
1006 1525 2068 1644 q ant dieus le ualist ⁊ ꝯmanda
1015 1607 2104 1732 b ien puet quant lihuiẽt aplaisir
1020 1686 1953 1823 a .ix. mois de la uiregene issir
1024 1768 2054 1901 c is qui fist ciel ⁊ terre ⁊ mer
1015 1846 1957 1980 e t quile pulle puet sauner
1020 1929 1976 2048 e t qui la mer fist aou urir
1034 2030 1898 2136 p our son pulle de gipte issir
1024 2104 2022 2223 n e puet il dont faire enfanter
1038 2186 1925 2292 u irge ⁊ uirginite garder
1236 2260 2022 2388 il naus nule dontance
985 2285 1231 2453 O
1259 2343 2178 2457 que deus atout ensa poissance
1052 2421 2077 2545 u irgene conchut vͥgene porta
1047 2499 2031 2627 u irginalment uirge enfanta
1043 2563 2022 2696 e lle est roine ⁊ mere au roi
1047 2650 2077 2793 e t damel diex la auoec soi
1066 2724 2072 2875 u irge est u ciel uirge est engloire
1057 2788 2164 2967 b ien doit tous iors estre ẽmemoire
1070 2885 1898 3027 q ui debon cuer la ourra
1066 2949 1898 3110 e t vraement la pellera
1057 3018 1870 3211 n e faur que il nait saie
1057 3105 1792 3275 u a samort u a sauie
1034 3174 1980 3367 a lui doit ou du tont tourner
1020 3261 1879 3454 ⁊ son corage ⁊ son penser
1020 3339 1985 3523 l a femme nert sipecheris
1020 3413 1898 3597 n e hom si depechie es pris
997 3486 1925 3684 s il reclaimme sainte marie
1109 3611 1927 3748 e bon cuer ne li face aie
1011 3661 1847 3808 s e cis li prie qui folloie
1029 3753 2040 3905 m out tost lamis adroite uoie
1052 3840 1971 3983 r adrecemens uie ⁊ secours
1043 3909 2072 4065 d ont mestier auiens entre nons
1052 3987 2040 4231 r es tore nous est et rerendu
2569 583 3414 799 t out cetrie nous auieus perdu
2555 615 3299 849 s ainte marie nous rendi
2550 670 3469 914 l es biens que eue nous tolli
2523 730 3364 978 C ou mencie nous fu ꝑ marie
2513 817 3336 1024 r estoreuiens de nostre uie
2509 900 3313 1079 o r deprions laglor[   ]
2500 969 3543 1148 l asainte uirge pre[       ]
2472 1033 3410 1222 s i uraiement coli dlex letre tere
2467 1125 3607 1281 c ar elle oie nostre pidiẽsi
2454 1185 3354 1364 e t la ioie nous face auoir
2444 1304 3382 1428 q̾ oel ne peurent ains ⁊ de t r
2444 1373 3304 1502 n e bouce douce raconter
2435 1465 3345 1589 o r elle oir ne cuers peasmet
2435 1552 3419 1672 q ue diex nostre sis[   ]atrians
2440 1630 3400 1759 e nsamble olm les siens amis
2431 1704 3566 1837 ⁊ diex parchon nier non ensace
2431 1791 3382 1938 p ar sa p[ ]tie et par sa grasse
2641 1883 3471 2003 si est bien drois quẽ ie uꝰ die
2647 1970 3442 2094 demadame sainte marie
2405 1895 2634 2094 O
2431 2048 3451 2186 s ainte honnessa alenfant pris
2463 2127 3373 2255 q uelle nialonc terme quis
2467 2205 3249 2333 e n une crepe la couchie
2463 2260 3377 2411 d e blans drapians bñ aisie
2463 2333 3396 2490 e n celle crece u diens estoit
2454 2416 3221 2563 .ii. nues uestes iauoit
2458 2476 3377 2673 l i une uace pour bñ faire
2472 2517 3511 2724 l autre mule pour essanpaire
3299 2731 3431 2808 ito
2454 2609 3479 2839 l a uace ascorner quele au[  ]t
2458 2774 3391 3050 n ostre signour acounet
2444 2857 3460 3124 l a mule as dens le des de auroit
2449 2940 3276 3165 s aues que chou fu a dire
2431 3013 3359 3252 i ou le dirin chascuns si mire
2431 3114 3331 3344 j a vace qmidieu atouueta
2412 3192 3331 3422 S ene france nois momstrae
2421 3266 3244 3477 a lanon uest lois uennt
2421 3362 3180 3546 t oute lavis depeceroit
2426 3441 3175 3624 ⁊ lamile qui dsco ꝯ
2408 3519 3115 3693 s enesia iele uous di
2417 3606 3221 3785 l a uies loi qui qui est albatue
2417 3698 3088 3808 ⁊ depertie ⁊ corrou[ ]ue
2426 3767 3134 3909 ⁊ le larron que pendus fu
2454 3836 3065 3918 d ales leroi au bon iesu
2490 3859 3161 3983 qͥ ains ne uaut nĩchi crier
2509 3946 3111 4047 e n infer leconuient aler
2518 3960 3336 4166 l uns des larrons ot non diman
4733 464 5514 670 e t ses conpains non somatras
4848 551 5533 730 onpaing estoient ⁊ uoisin
4669 512 4865 684 C
4848 615 5533 803 si partoient leur larrecin
4646 624 5570 886 t out chou quen la sorest enbloient
4623 638 5459 955 q ant les ꝓ domes derrouboient
4595 753 5363 1038 d i [              ]tite
4568 813 5266 1093 e ni escriture lai trouue
4522 859 5377 1189 d e chou qua ua sorest enbloit
4517 923 5367 1277 u ne siue mers enpaissoit
4467 973 5298 1346 a ins ne fust mal amule gent
4425 1038 5027 1369 l a upuist den sient
4356 1088 5367 1552 a ins leur donneat deses deniers
4338 1153 4724 1442 e t licaret
4820 1387 5170 1630 uchentier
4981 1653 5266 1819 aꝑtoit
4779 1630 4903 1819 or
4287 1704 4618 1961 a s poures
4315 1736 5303 2012 f ors senlement quil enuiuoit
4338 1856 5234 2076 p uet dont nu. ͨ faire carite
4338 1929 5179 2182 d autrui auoir sila emble
4361 1993 5243 2214 o il certes ⁊ grans au mosnes
4370 2071 5344 2320 q ant ille met as mains des poures
4513 2168 5413 2361 ins dieus ne fist si fort larron
4513 2283 5243 2407 se par uraie confession
4361 2274 4494 2407 A
4384 2352 5193 2480 u oloit a dieu mer chi crier
4379 2388 5390 2549 d iex ne fust pres du par donner
4384 2499 5179 2623 e n esle ior que diex fu nes
4375 2563 5326 2710 u int uns angles tous enpenes
4370 2664 5207 2774 a spiferiaus silor nonc̾ha
4370 2728 5234 2852 d iot coit nes qui tout cria
4361 2820 5211 2931 l angle sest aaus aparus
4366 2898 5271 3032 d une n̾t grant clarte uestus
4366 2986 5170 3096 s ilor dist ne uous es maies
4379 3059 5211 3183 d iex machi ouous en voies
4388 3128 5234 3266 p our anoncier ceste nouuelle
4384 3215 5115 3339 qͥ parberaonde sera belle
4384 3280 5184 3427 c ar lisan ueres est hin nes
4388 3358 5078 3505 e n belle letrouueres
4388 3427 5069 3578 a les i tost isnellement
4384 3500 5082 3707 s i la euret enbelle ent
4660 3905 5119 4024 e t les auoir[     ]
4692 3909 5294 4088 i e uous ditai bones de mbess
4687 4024 5262 4153 e u uolepe uerres len fant
4710 4061 5328 4222 e n une crepe pouremant
4848 4107 5390 4254 el tenes pourchou enuilte
4738 4162 4853 4267 Q
4862 4171 5413 4281 [       ]s dras est en uolepe
4738 4217 5459 4346 c ar chou est dix tout uraiem̃t
4742 4240 5450 4451 q ui est uenus sauuer sagent
3027 4434 3140 4627 71
5827 601 6663 799 e t une estoile est aparue
5841 702 6751 859 q ui on ques mais ne fu ueue
5818 762 6585 932 t ous li pais en la tarua
5804 813 6585 1001 d e la cl[ar]te quele iera
5799 895 6751 1075 e t li ir tour sans demo[    ]e
5776 969 6751 1134 o nt mien lestoile res gardee
5753 1061 6879 1203 q ue bsains angles leur moustra
5744 1134 6723 1277 e t pour coi fu leur de uisa
5726 1203 6810 1364 q ant ont lestoile aperceue
5717 1286 6728 1428 s isentornent grant aleure
5703 1373 6645 1506 i l sont uenut enlacae
5694 1447 6912 1594 g nͣt ioie ont fait dion ent troue
5795 1552 6765 1663 l disoient mout doucement
5609 1531 5810 1777 I
5795 1630 6824 1759 diex qui es pardurablement
5671 1718 6765 1833 d onne nous ioie ⁊ pais entere
5680 1787 6617 1901 e t uolente de toi requerre
5671 1874 6617 1993 l a uirge uoient la gisant
5680 1961 6668 2071 e t en le crepe son enfant
5662 2044 6572 2191 s i tost con il lorent ueu
5671 2127 6636 2260 s i sont mout bien aperceu
5666 2205 6742 2338 q ue cest dretes que langles dist
5675 2297 6742 2411 e t que cest diex qui illuec gist
5671 2375 6742 2494 m out hantersont lont aoure
5671 2462 6663 2577 a leur bestes ion[         ]
5675 2531 6663 2664 a toute lagest sont distait
5685 2600 6742 2765 q ue diex est uer eabelleant
5790 2678 6742 2843 ipulles bien qui chou o oit
5566 2646 5829 2963 L
5809 2779 6691 2940 agrantm̃uelle letenoit
5680 2871 6755 3032 a pres. uiii. iors que dix nasqui
5680 2949 6594 3101 s icontrouones enles crit
5685 3022 6613 3188 l i lui qui a loi tenoient
5689 3087 6654 3266 e t qͥ agomrener la uoient
5694 3183 6654 3353 e n lestable sen sont uenut
5703 3261 6650 3431 u nostre dame denfant iut
5703 3344 6719 3523 u ns arceprestres dist auant
5675 3436 6673 3611 antes nous aporter lenfant
5694 3514 6640 3712 l euer lestent ⁊ bautisier
5671 3611 6627 3799 .i. rasoir font aparrellier
5923 3689 6654 3859 r oies le bautisement
5694 3780 5934 3964 O
5933 3725 6788 3932 que li iui firent lenfant
5730 3799 6806 4056 o nques nieut oille ne cres me
5753 3909 6861 4134 q nͣt il firent cel saint bastesme
5767 3950 6916 4212 m ais dun rasoir molut trencant
5776 4061 6732 4263 l itrencerent par dedeuant
5767 4134 6806 4396 d eson menbre le cuir enson
7183 615 7284 730 31
