7814 5466
997 646 953 210 e t fu tous tels cõ ia oyr porres

1002 788 948 150 a usi biaus fu coin solaus en este

1020 870 852 145 q; fu uestus dun paile girõne

1002 947 897 150 a xxx. beudes de fui or esiuere

1002 1006 961 169 a filz de soie ot lachies les costes

979 1102 1107 150 .i. arc portoit dont sauoit bñ ouurer

1011 1184 820 159 l a corde fu de soie naturel

997 1252 857 146 q; la sayte refu de gnͣt cierte

1006 1298 1176 182 d iex ne fist beste taut soit de gnͣt fierte

1002 1412 984 150 s e il li traist ⁊ il li uient greuer

1020 1498 934 141 q uil ne le p̾nge tout a sa uolente

1034 1576 847 136 q; ot au col .i. cor diuoire cler

1016 1635 970 159 a bendes dor estoit li cors bendes

1043 1730 902 142 f e es le firent en .i. ille de mer

1020 1799 966 150 .i. en iot quil li dona don tel

1020 1872 966 154 q ui le cor oit.⁊ tentir.⁊ sonner

1029 1949 1048 150 s il est malades lors sera en sante

1038 2031 1039 159 i a niaura tant grant enfer mete

1047 2122 916 132 q; lautre fee idona mix asses

1038 2204 889 137 q ui le cor ot ce est la uerites

1043 2286 920 141 s il a famine il est tous soeles

1047 2350 1030 155 q; sil a soif il est tous ab uures

1047 2436 953 137 e t lautre fee idonna mix asses

1047 2500 1240 169 q uil nest nus honis qui tant ait pouretes

1047 2600 925 142 s il oit le cor. ⁊ tentir. ⁊ souer

1047 2673 1080 146 q ui ne soit riches manaus. ⁊ asazes

1047 2760 1030 123 q; ne lestoiue au son du cor chanter

1034 2833 961 145 l a quarte fee idona mix asses

1047 2924 948 127 d ona a li tel don cõ uous orres

1057 2988 1070 132 q ue il uait marche ne pais ne regne

1066 3065 1193 146 d usquau seth arbre ne tant cõ puet aler

1061 3161 1057 150 c on oyst bñ le cor ⁊ tentir. ⁊ souer

1066 3252 1007 132 l i petis homs ꝯmencha acorner

1075 3338 979 114 h uelins lot. ⁊ sa gent autretel

1066 3407 1007 136 a u son du cor ꝯmencent abaler

1084 3480 870 132 l i uix .Ge. la mout bñ auise

1057 3562 833 127 a .h̾. dist or poes escouter

1075 3625 1039 155 c e est li uauis ia bñ tost le uerres

1079 3716 1098 132 o r faisies duel ioie uous uoi mener

1059 3811 851 112 .h̾. en rit.⁊ na .i. mot parle

1099 3886 1133 134 h e: dix dist il qui nous uient uisiter

1061 3971 747 119 .ge. lot si a dit son penser

1075 4063 984 132 a uberons est qui tant a poeste

1081 4154 965 115 q; dist qñs hues or sui ie assazes

1096 4233 941 167 f aim auoie ore si sui toz soeles

2218 636 857 147 q; dist Ge. cest li nams bocheres

2250 687 880 173 i a le uerres deuant uous arrester

2246 751 888 200 p our diu uous pri sire q̃ ne parles

2278 833 847 187 s e ue uoles aueuc lui demourer

2278 911 792 182 q; respont .h̾. naie si mayt des

2282 979 857 196 a tant es uous le petit bochere

2287 1038 852 219 a haute uois ꝯmencha acrier

2282 1102 971 241 l i mien ami qui par mon bos ales

2282 1179 952 242 d u roi du monde soies uous salue

2291 1279 921 219 i e uous cõuir dediu de mayeste

2300 1320 998 256 d oile de cresine. de baptesme. ⁊ de seil

2305 1425 884 228 d e quanq̃s dius a fait ⁊ estore

2305 1489 970 232 u ous cõuir ie q̃ uous me respondes

2314 1606 862 191 q; li xiiii. sont en fiues torne

2310 1648 993 242 l i petis homs en fu mout abosmes

2319 1730 984 246 l un de ses dois a sour le cor hurte

2337 1799 1030 268 u ne tempeste ꝯmence. ⁊ uns ores

2332 1972 1035 155 q ui dont reist.⁊ plouoir et uenter

2337 2086 1093 127 a rbres froissier. ⁊ foruient esclistrer

2328 2168 902 127 b estes fuir ne seuent ou aler

2323 2254 971 119 q; ces oisiaus par mi ce bos uoler

2337 2323 1112 127 d iex ne fist home ne fust espoentes

2351 2409 847 137 i l norent nue deune liue ale

2337 2477 970 146 q ñt encontrerẽt une runeretel

2332 2569 1003 136 c on i peust grant nauie mener

2351 2641 997 146 p ar foi dist .h̾. nous sõmes acrape

2337 2719 1057 150 s ainte marie. ⁊ car nous secoures

2341 2796 1089 151 c ar trop fui faus. ⁊ trop desine sures

2332 2869 1171 160 q ñt ainc entrai dedens cel gaut rame

2337 2960 952 132 o r uoi ie bñ nen poons escaper

2360 3051 934 137 q; dist Ge. mar uous esmayeres

2360 3120 1043 136 c e est fantosme iel uous di par u̾te

2464 3211 862 155 i enfes .h̾. fu forment esmaies

2300 3161 177 282 L

2360 3407 1143 200 i e cuit par foi qua mort somes iugiet

2487 3311 1076 228 dist ases homes descendes des destries

2378 3489 1002 164 s ainte marie cõ somes engigniet

2360 3552 1184 210 q ñt auic entrasines dedens cel bos folliet

2364 3644 1066 191 s i cõpaignon en sont tout esmaiet

2364 3725 1121 183 c ar il ne seuent ꝯment il sont bailliet

2373 3812 907 150 s ire .Ge. mout bñ le me disies

2364 3894 1171 182 q nͣt ne uous crui mlt̾ fui mal ensaignies

2360 3981 1102 182 d ont regarderẽt contreual le grauier

2341 4072 1012 168 .iiii.tours uoiẽt a cretiaus batillies

2360 4149 1016 173 q; sor cascune auoit .i.gnͣt cloquier

2369 4231 975 214 o u .x .m. home peussent estagier

4401 478 770 259 n alissies mie le trait a .i. archier

4383 669 966 137 q nͣt il ne uoient ne uuiier.ue clochier

4383 747 555 100 p ar foi dist .h̾. por poi si

4383 810 487 91 q; dist.Ge. li quenus.⁊

4961 756 224 155 smaies

4888 810 87 101 [a] et

4355 920 843 141 m ais ne uous‸  p ͧ ͤ ͭ plus uis esragies

4364 879 720 104 c e atout fait li fel na[$]li uieus

4351 988 925 164 n e ia por lui ne soies greuer ne touch̾.

4314 1047 451 141 c ar par celui qui

4287 1152 419 164 i a reuenra cou[$]

4300 1104 471 144 i e uous di bñ as[$]

4765 1115 274 101 esmayes

4282 1220 292 123 m ais ie [$]

4747 1202 520 100 en crois fu drecies

4722 1275 370 94 seur ensoies

4664 1360 589 94 rant cõme leuriers

4255 1475 829 132 q ue ia porlui ne soies esmayes

4483 1425 793 119 [$]ous pri por diu le droiturier

4248 1572 905 128 m ais cheuauchies. ⁊ asseur soies

4214 1617 889 145 n e ia por cose q̃ il sache huchier

4209 1685 1058 177 u ous pri ie tous q̃ uous ne laraisnies

4205 1753 1016 187 c ertes dist h̾. por noient douteries

4200 1812 957 183 m iex ameroie q̃ il fust escorchies

4219 1922 1207 246 a dont mõterent sor les courans destͥers

4246 2072 1052 150 t out lor cemin sen uont sans atargier

4232 2145 1148 155 .u. liues oirrent dont il furent mout liet

4237 2222 929 137 m ais dune cose furent il esmaiet

4232 2300 1130 114 p our les m̾uelles quil uirent el sentier

4232 2373 843 127 .h̾. paroles li nobles cheualiers

4237 2450 1030 132 d ist a ses homes q̃ ni vaut delayer

4232 2518 1030 123 p ar foi baron dix nous a bñ aidiet

4248 2608 954 112 q nͣt de cel nain somes si eslongiet

4237 2682 1034 132 d iex le cõfonge q̃ tant ma esmayet

4241 2769 966 109 a inc mais noi ie tel paor ce sacies

4346 2842 866 114 ostre baron. ne sont pas arreste

4203 2837 139 187 n

4319 2892 1093 150 ains sont errant sor les cheuaus mõte

4223 2978 943 137 c ar il estoient forment espoente

4228 3056 1016 127 d roit u̾s la mer se sont achemine

4237 3124 1184 146 d e la meruelle ont entraus mout parle

4232 3193 975 150 p ar foi dist h̾. dix nous a ꝯfortes

4219 3252 1025 187 q [nͣt] de ce nam nous somes escape

4232 3375 893 246 l i uius. Ge. en a dit̃ son pense

4251 3480 965 214 s ire dist il si me puist dix sauuer

4262 3543 1123 214 i a mout trestost deuant uous leuẽres

4282 3648 898 178 a insi quil ont ensenient deuise

4301 3730 879 169 s i cõ deuoient .i. poncelet passer

4305 3803 993 155 l i petis homs lor uint alencontrer

4351 3903 729 123 .h̾. le uoit mout en fu effraes

4346 3962 939 146 d ix dist li enfes uez ichi le mauffe

4360 4049 879 123 a uberons lot fierement a parle

4374 4131 811 173 u assal dist il tune dis nue asses

5458 555 1011 178 c ar par celui qui en crois fu penes

5442 771 1142 124 a uis te dibñ se dix me puist sauuer

5453 683 1153 150 i e ne fui onques anemis. ne maufes

5435 829 1180 168 i e sui .i. homs couie i. autres carnels

5431 915 1202 164 e ncor uous uiẽg ie de par diu cõuirer

5421 1020 939 136 d e quanq̃s dix a fait. ⁊ estore

5421 1088 1171 141 d oile. de cresine de baptesine. ⁊ de seil

5433 1181 1148 127 u ous conuir ge q̃ uous me respondes

5454 1266 887 118 f uions por diu dist .Ge. li ber

5439 1330 1148 130 c il naĩs bochus q̃ dix puist u̾gonder

5435 1407 1198 132 r enderoit plait atous ceus qui sout nei

5442 1500 1224 121 l ors ont brochiet les cheuaus abrieues

5421 1571 953 123 q; si sen sont tout xuii. tourne

5421 1639 1094 142 m out souuent sont arr̾e regarde

5435 1730 1162 137 a des lor samble quil lor soit au coste

5454 1822 1142 115 l i petis houis est tous seus demoures

5433 1891 1081 101 m out forment fu courecies. ⁊ ires

5440 1958 1070 132 i l prist son cor de blanc yuoire cler

5439 2058 1008 91 m ele a sa bouche sa tenti. ⁊ sonne

5439 2122 1093 116 q; cil ne porent cheuauchier. ⁊errer

5445 2207 1218 106 a ins les couuint au son du cor chanter

5451 2283 1108 109 q; auberons sest forment dementes

5458 2354 1052 128 p ar foi dist il cil sont tout forsene

5453 2427 1044 123 q ui ensement me cuident escaper

5457 2511 1054 118 m ais par celui qui est en mayeste

5467 2591 1248 128 p uis quil ne daignẽt a moi noient parler

5453 2673 971 119 t ant ne les sache de ihũ saluer

5449 2751 1175 109 q uil ne se ueulent uers moi adominer

5453 2833 930 123 i e lor ferai chierem̃t cõparer

5458 2915 1166 114 d ont prist son cor de blanc yuoire cler

5462 2983 1026 109 d esus son arc en a iii. cops frape

5462 3047 1048 141 p ar mautalent est enhaut escries

5449 3138 1189 123 t restout mi home uenes a moi parler

5462 3220 1062 123 c ar ie le ueul por mõ cors conforter

5451 3316 932 94 a i cel mot en a maint arroute

5472 3379 1043 110 p ar mi le bos uenoient tout arme

5472 3461 1089 119 b ñ iiii cens sor les cheuaus montes

5463 3543 1133 107 s i li demandent gentilz sire quanes

5460 3619 969 110 d ist aub̾ons aparmain le sares

5462 3689 1153 118 q; nõpourqnͣt si me puist dix sauuer

5462 3771 1130 114 d olans en sui qnͣt le mestuet conter

5466 3862 1099 100 h ome uont chi qui ont mlt̾ fol pense

5458 3940 1239 113 a moi ne daignent .i. tout seul mot ꝑler

5449 4012 1157 123 q; si ne ueulent par men cõseil ouurer

5460 4093 1026 140 s i lor estuet chierement cõperer

4628 4491 240 112 61d

4902 4336 114 159 19

6948 309 278 119 CCCXU

7063 418 156 92 315
