8279 5274
1530 575 2598 703 m ais Guis. auoit m[aĩt] riche aꝑtenant
1530 654 2519 760 ⁊ uꝰous meismes enaues .i. enfant
1534 729 2457 830 q̾ mochira se longes est uiuans
1538 795 2576 896 c e dist la dame rien soies ia doutans
1538 867 2622 969 c ar ꝑ .bue. nares mal ne tãt ne qnͣt
1531 940 2514 1050 n e ne ꝑdres de la t̾re plain ga[n]t
1500 1010 2457 1138 i urrai uꝰ sor le cors. s̾. amant
1521 1081 2616 1195 o r dõrai pleges p᷑ estre mix creant
1521 1160 2536 1270 b ue. mes fix ne uiura demi an
1521 1239 2598 1344 p᷑ ur̃e amour lo chirai en dormant
1521 1305 2554 1406 u noierai en une iauue courant
1516 1380 2558 1494 a pres le ꝑe peu uiuera lenfant
1508 1454 2572 1564 u trametrai en la terre au ꝑsant
1499 1520 2492 1634 u as t᷑coples outre iherusalam
1508 1599 2523 1718 f romõ. apele ⁊ haton lalemant
1508 1683 2492 1779 d oi traitour felon ⁊ sous doiant
1508 1753 2594 1885 i l st̾ uenut ali tout maĩtenant
1503 1845 2576 1964 b arõ dist elle oies q̃ uous ꝯmant
1508 1925 2602 2039 p leuissie[s] moi u̾s doon. le uaillant
1525 1990 2426 2113 q̾ de .bue. li tenrai ꝯuenant
1508 2074 2558 2193 d ame font il tout a ur̃e ꝯmant.
1653 2153 2479 2267 lle en apelle ⁊ hatõ ⁊ fromon
1499 2170 1657 2351 E
1644 2228 2620 2342 pleuissies moi u̾s mõ seignor doon
1530 2298 2536 2408 q̾ conuenant li tenrai de bueuon
1503 2368 2567 2505 s ire dist hates nous le uꝰ pleuison
1490 2465 2585 2575 s eli donrai mengier en .i. poisson
1490 2544 2448 2632 d esq̃ le col passera almenton
1494 2606 2607 2720 a u doi li ocil li uolleront del front
1490 2680 2660 2795 p uis ert noies uuous le mordrirõs
1481 2755 2673 2874 ⁊ yuis ca tant q̃ nous li souferons.
1481 2825 2369 2940 i ure li ont li traitour felon
1481 2905 2422 3014 l a dame iure ⁊ fianche adoon .
1481 2971 2479 3098 p iꝰ prent ꝯgie uaissent aesperon
1494 3050 2479 3168 i usca maienche il ⁊siꝯpaignon
1490 3133 2607 3234 o ront iure lamort lenfant bueuon
1481 3186 2453 3313 t os en morra li petis ualeton
1499 3269 2580 3392 s e dix nẽ pense qui souffri passion
1639 3348 2598 3472 s est la mors lenfant .bue. iuree
1454 3342 1648 3546 O
1626 3410 2580 3555 q̾ il morra sans nule tre stornee
1503 3498 2457 3625 i l furent troi qͥ lorent afiee
1490 3564 2567 3696 a uuec samere qͥ tant est desfaee .
1490 3643 2572 3766 d ix le maudie qͥ fist noif ⁊ gelee .
1486 3726 2576 3854 ⁊ il gart. bue. seil plaist ⁊ agree .
1455 3797 2510 3924 d os. demaience ala ensaꝯtree .
1481 3867 2668 4078 f romõs. ⁊hates. ont la dame mõtee
2651 505 3600 686 s or une mule richement afentree
2651 589 3559 760 u ne peliche ot uestue [en]goulee
2651 654 3482 835 ⁊ ꝑ deseure une pourore toee .
2673 703 3521 900 k i fu apierres ⁊afin or bendee .
2677 764 3605 962 e lle est plus bele q̃ seraine ne fee
2664 843 3521 1028 ⁊ asses plus q̃ rose coulouree
2686 870 3772 1120 e lle ot sacrĩgne dun fil dor galonnee
2677 962 3724 1208 i usqua hantõne niot fait arestee
2690 1041 3622 1265 a luis descent de la sale pauee .
2690 1098 3680 1362 ꝑ les degres est u palais montee
2690 1191 3640 1406 e nꝯtre ua sa maisnie prinee
2686 1243 3710 1481 ⁊ .bue. uint de lautre part lestree
2695 1362 3574 1564 c ui la ꝑole fu dite ⁊ contee
2690 1507 3627 1617 u uoit [sa] [mere] [silena] [apelee]
2716 1602 3686 1711 d ame dist il u fustes uous alee
2716 1670 3803 1790 m lt̾ uous uoi ore ⁊ pignie ⁊ grauee
2722 1743 3754 1866 ⁊ noblement guĩgnie ⁊ acesmee
2719 1819 3821 1948 m lt̾ uous siet biẽ li pipe sor le greue
2708 1898 3741 2034 p ute resamble la fille ur̃e mere
2708 1977 3794 2113 p᷑ diu seruir ⁊ la uiergene hõneree
2734 2053 3645 2182 n estes pas si uestue nacesmee
2722 2135 3704 2264 m ari queres biẽ sai ur̃e pensee
2710 2220 3789 2344 m ais ꝑ celui ꝑcui terre est formee
2713 2294 3774 2411 s e cel prendes dont oi la renõmee
2703 2351 3750 2505 i a longement ne seres mariee
2712 2421 3864 2566 s e ie uif tant q̃ ie chaĩgne mespee .
2699 2518 3864 2632 l amors mon pere sera chier ꝯparee.
2699 2593 3833 2724 l autrier fu mors tost laues oubliee
2699 2667 3745 2782 o it le la dame la coulor amuee:
2827 2702 3930 2856 ame dist bue . ne uous quier ataisir
2681 2770 2818 2944 D
2818 2817 3767 2935 se bon uꝰ fust ⁊ uenist aplaisir
2734 2887 3767 3023 b iẽ peuissies aueue encor sousfrir
2734 2975 3688 3098 ⁊ qnͣt cest en ueissies acomplir
2721 3014 3767 3173 d õt peuissies autre mari chosir
2712 3129 3675 3261 q̾ cel qͥ fist le miẽ pere morir
2722 3199 3777 3351 o r denissies ꝑ ces mostiers offrir
2725 3293 3842 3474 a um[$$$$$] faire ⁊ poures re uenir
2725 3366 3948 3581 m ais de tout chou naues uous nul desir
2734 3450 3895 3652 n e p᷑ mon pere ne uous kaut messe
2728 3533 3736 3688 m ais ꝑ cel diu qͥ tout a abaillir
2703 3577 3877 3801 i ou nel poroie endurer ne sosfrir
2719 3668 3727 3844 q̾ iou peuisses doon. des iex ueir
2713 3753 3809 3923 qͥ fist mon pere lame du cors issir
2712 3823 3851 3999 s e ie uif tant q̃ puisse armes sosfrir
2708 3898 3886 4131 t ous lors del mont nel poroit garãtir
4507 480 5175 668 q̾ ueleface de male mort mo[rir]
4484 514 5284 751 o dle lamalt [$]ot ensi quesmarir
4554 629 5404 826 ix dist la male p᷑ lamour diu merchi
4411 592 4566 768 D
4533 681 5214 879 i auai iou fil ne sille fors seul ti
4414 729 5218 949 s i [p]oise toi se iou prent tel mari
4370 791 5254 1041 qͥ mes hõnours mait amaintenir
4379 861 5227 1147 t ant q̃ tu soirs amendes ⁊ tehir
4313 1143 5311 1366 m ais est li qñs [qͥ] nous ert bons amis
4335 1195 5324 1428 [$] [$$$] damages est qnͣt sitost est fenis
4336 1270 5333 1498 [m] al ne se fraites ne uoit lame delui
4317 1353 5135 1582 n e faire mie q̃ tu soies hahis
4307 1432 5135 1648 d ix ꝑdõna samort biẽ le tedi
4339 1498 5223 1714 d ame dist bue. ia est il ore ensi
4343 1590 5012 1779 ⁊ selauoie ⁊ iure ⁊ pleui
4351 1664 5401 1837 s iprendriers uous mõ mortel anemi
4346 1737 5360 1913 d o.demaience qͥ mon pere mo chist
4339 1806 5302 1999 se .u. ans fuissent passe ⁊ acompli
4343 1901 5316 2059 ⁊ iou eusse mes garnemens saisi
4335 1986 5214 2153 ⁊ mẽ alaisse en estrange pais
4343 2074 5336 2226 m oi nẽ causist se presissies mari
4351 2141 5342 2300 m ais ꝑ cel diu qui onq̃s ne menti
4351 2232 5225 2373 s eil che donne ꝑ la soie merchi
4343 2300 5401 2458 q̾ de moi soient mi garnement saisi
4357 2396 5374 2519 d os. en morra ce sachies uous defi
4369 2475 5368 2595 o it le la male tous li sans li fremi
4369 2549 5310 2675 h auce le puĩg ens esdens le feri
4369 2634 5295 2745 q̾ ala t̾re labat tout estourdi
4381 2701 5448 2824 s ans ⁊ saliue maintenant le couuri
4370 2764 5363 2887 i a leust mort qnͣt soybaus. li tolli
4379 2852 5394 2962 c e fu li maistres qͥ ot lenfant norri.
4467 2922 5333 3045 oy baus. saisi le petit ualeton
4471 3001 5517 3124 tout ot sanglent le bouce ⁊ le menton
4357 2941 4484 3129 S
4369 3102 5342 3205 e ntre ses bras lẽporta en maison
4387 3176 5122 3269 ⁊ sest assis ꝑdales un leson
4381 3243 5333 3360 u oit le sa femme si la mis araison
4375 3319 5286 3425 s ire dist elle aues uꝰ se bien non
4372 3392 5439 3513 qͥ abatu mõ damoisel ⟦felon⟧ .bueuõ.
4354 3474 5401 3609 d ame dist il ia nele uous chelerõs
4374 3629 5152 3924 qͥ [$s]tes onq̃s si mortel traisõ
4429 3661 5293 3981 ꝯ de ma dame qͥ ore prent doon.
4458 3718 5429 4047 c ol demaiẽche qͥ nous amort Guion .
4493 3801 5460 4113 t ant abatu mõ damoisel. bueuon .
4524 3885 5473 4170 i aleust mort se rescous ne leust on
4539 3951 5531 4223 o d le la dame mlt̾ fu en grant frichon
4568 4065 5337 4311 d iu reclama ꝑbõne entention
5571 542 6371 685 g lorieus sire qͥ sosfri passion
5579 632 6463 751 e ns en la crois p᷑ no redemption
5566 690 6674 830 i onas. sauuastes u uentre du poisson
5564 785 6400 893 ⁊ daniel en la fosse au lyon
5547 855 6450 978 ⁊ suscitas demort. s̾. lazaron
5568 931 6670 1043 ⁊ herbregas .s̾. piere el pre noiron
5547 1010 6570 1119 ⁊ ꝯuertis [.s̾.] pol son ꝯpaignon
5562 1078 6637 1204 l a mag[dl]aĩne fesistes urai ꝑdon
5556 1172 6687 1283 d e ses pechies enla maison symon
5559 1242 6611 1362 ⁊ ses pechies ꝑdonnas au larron
5550 1315 6778 1444 q nͣt uous pendirent li mal yuis selon
5571 1403 6482 1511 ⁊ .s̾. iehã donnas beneichon
5568 1479 6555 1590 b aptisa uꝰ ꝑ bonne entension
5570 1547 6445 1670 ⁊ uꝰ lui sire q̃ de fit le set on
5568 1623 6634 1755 s iꝯ cest uoirs ⁊ uous biẽ le creon
5561 1687 6634 1823 s iga rissies mon damoisel felon
5574 1784 6640 1901 q̾ ne soit mors ne getes en prison
5579 1875 6462 1980 ⁊ a samere dõnes ꝯfession
5570 1925 6599 2070 ꝯ iou desir p᷑ lamort de Guion .
5588 2009 6831 2156 t out maintenant ont pris le ua[le]ton
5582 2086 6719 2229 s eli despoillent son hermĩ pelichon
5588 2166 6735 2316 s eli lauerent le bouce ⁊ le menton
5612 2256 6749 2405 ẽ une cambre lenportent aescons
5597 2320 6779 2478 l a ont conchie ⁊ couuert lenfanchõ
5617 2428 6573 2549 a tãt es uꝰ ⁊ haton . ⁊ fromon .
5614 2487 6797 2637 l i mal traitre cui dam̾dix mal doĩst
5617 2575 6681 2707 t rueuẽt .soy . seant sor .i. perron
5612 2639 6825 2786 m orne ⁊ pensis plaĩ de grant marison
5626 2736 6494 2847 s alue lont li traitour felon
5623 2795 6757 2957 ⁊ puis lapellent si lont mis araison
5746 2878 6467 3010 ire. soy. se dix me beneie
5598 2902 5744 3107 S
5746 2927 6858 3089 che dist fremõs. cui li cors diu maldie
5629 3020 6755 3179 m lt̾ ies preudõs ⁊ de grãt seignorie
5635 3102 6769 3246 s es q̃ querons ne le uꝰ celerons mie
5632 3193 6608 3337 s e tu le fais ne feras pas folie
5632 3256 6652 3423 m lt̾ en auras hõnour ⁊ seignorie
5635 3346 6661 3492 .iiii. c. mars ⁊ .x. muls desurie
5653 3433 6658 3565 ⁊ de madame toute la druerie
5661 3492 6810 3647 n aura sans toi uaillisant une alie
5682 3586 6491 3726 ⁊ dist. soy. nai laraison oie
5688 3647 6763 3806 d e ce ert biẽs ma fois enert pleuie
5682 3744 6670 3879 o u nr̃e uile garder enꝯpaignie
5684 3797 6595 3955 t ost iacies ⁊ ma force ⁊ maie
5691 3888 6763 4040 s e cou ÷ maus traisons ne bordie
5684 3951 6894 4153 i ou nel feroie pour toute roumeuie
6801 259 7105 379 CCCCLXIIII
6995 351 7159 512 464
4917 4579 5211 4758 22F
