8278 5442
1475 722 2370 846 e s uꝰ. bue. apoignant ꝑle pre
1469 793 2399 934 b iẽ a formẽt lallemãt auise
1465 875 2399 1006 b iẽ le ꝯnut qnͣt ille uit arme
1469 952 2413 1065 ⁊ . bue. la au preu Guion. ꝯte
1465 1020 2467 1138 u es la celui q̃ ie uꝰ doi moustrer
1460 1083 2485 1219 l allemãs brocele destͥer seiorne
1583 1133 2589 1278 uãt uoit frõ. dant. bue. leuaillãt
1424 1201 1578 1365 Q
1592 1233 2531 1355 ⁊ uoit sa gẽt qͥ issent du calant
1460 1310 2435 1473 p᷑ sa ꝯpaigne fera folie grant
1465 1392 2580 1505 l escut ẽbrace ⁊ broce le bauchant
1469 1451 2635 1591 b rãdist lalãce au brũ coutel trenchãt
1478 1553 2385 1644 ⁊ . bue. broce. arõ. le courant
1469 1596 2612 1736 b rãdist la lãce ⁊ trait lescu auant
1456 1673 2603 1814 b ele est la place ⁊ li destͥer courant
1481 1759 2615 1883 d estͥers ont bons q̃ mellors ne demãt
1460 1836 2508 1977 l allemãs. fiert. bue. le. ꝯbatant
1474 1904 2621 2049 d usken la boucle liua lescut fendãt
1465 1990 2594 2117 h aub̾c ot bõ nele four fist noiant
1465 2077 2635 2208 e ntre les clos du fort escu tenant
1474 2149 2617 2299 l i mist le fer de sõ espiel trenchant
1465 2231 2449 2385 s orsõ estu leua ius aclinant
1483 2308 2576 2444 a s gens. soy. ua li destͥers fuiant
1478 2394 2444 2530 ⁊ li dus .bue. asaisi lallemant
1492 2462 2481 2616 ꝑ le nassel du u̾t elme luisant
1501 2557 2503 2684 a rõ. broce sel maĩne trainant
1508 2624 2639 2757 a ĩs not ꝑ hõme ne secoursne garãt
1487 2707 2644 2843 a ĩs le rent. bue. au duc .soy. le blanc
1614 2779 2603 2902 rãt ioie ot .bue. delẽcrieme felon
1456 2796 1622 2997 G
1629 2872 2488 2993 il ⁊ .soy. od le flouri grenon
1502 2944 2536 3056 q nͣt ont. frõ. lallemãt enprison
1487 3020 2512 3120 ⁊ mort Guill̾. delaserour doon
1492 3074 2549 3219 s oy. apelle sõ damoisel. bueuon.
1520 3186 2512 3283 a hi. dist il gentix fix abaron
1496 3242 2599 3396 f orm̃t me poise q̃ ie ne sai uo non
1505 3328 2508 3460 s ire dist il on ma pelle. millon.
1505 3396 2599 3501 c ertes dist il dõne mas tel prison
1514 3464 2635 3587 i e nel rendroie p᷑ tout lor daualon
1524 3555 2648 3677 c il me trai mõ damoisel bueuon .
1528 3641 2499 3745 ⁊ le uendi au lignage mahon
1533 3714 2635 3841 i ou len rendrai mlt̾ cruel g̾redon
1547 3797 2648 3906 u ees ꝯ gnͣt gent chi uiẽt aesꝑon
1541 3872 2612 3987 a lons nous ent dist. soy. li baron
1533 3949 2630 4086 s ire dist . bue . faites ent ur̃e bon
1547 4033 2451 4132 l i chlr̾ rentrẽt en la maison
1519 4095 2603 4235 m ais lidꝰ. bue. sist desor larragon
2615 616 3643 798 a tãt es uꝰ poignant le uiel haston.
2612 680 3488 888 .uͨ. uassaus le siuent de randon
2621 725 3687 956 k i form̃t heent le da[moisel] bueuon
2624 831 3600 1033 qͥ alaiens sõ frere mis en prison
2621 897 3583 1106 e s uꝰ poignãt sagent a esꝑon
2626 938 3714 1174 d urem̃t brocẽt u̾s le uassal bueuon.
2626 1024 3624 1247 ⁊ li dꝰ. bue. broce u̾s le glouton
2648 1088 3710 1342 b iẽ sentrefierẽt ambedoi li baron
2653 1138 3832 1428 m ais au uiel haste. ꝯuĩt uuidier larchon
2653 1274 3551 1487 ⁊ li dꝰ .bue. ret᷑ne larragon
2653 1360 3510 1569 h astõ. saisi ꝑlelme clarion
2653 1510 3710 1632 i alẽmenast la dedẽs enprison
2675 1596 3761 1702 q nͣt il sorm̃rent sagent a esꝑon
2676 1664 3801 1777 l a lerescoussẽt qͥl niot se biẽ non
2671 1732 3814 1841 ⁊ le remontẽt sor .i. destͥer gascon
2685 1800 3814 1936 m̾ uellox duel demaĩnẽt p᷑ fromon .
2699 1892 3806 2001 ⁊ li dus. bue. fu cois deuãt le pont
2690 1965 3842 2089 c il senret᷑nent petit gaaignie iont
2693 2040 3724 2188 d e u̾s hanstõne acoite desperon
2816 2113 3796 2249 il senret᷑nent petit ont ꝯq̃ste
2665 2165 2844 2349 C
2830 2199 3828 2326 deu̾s hãstõne tot le chemĩ fere
2698 2267 3932 2426 f orm̃t se doutẽt mlt̾ ceuauchẽt serre
2712 2358 3674 2489 ⁊ . bue. broce arondel. le mue
2711 2433 3688 2572 a pres lor gẽt ses laisse ꝑ le pre
2703 2507 3760 2652 q nͣt le uoit .ha .sila foucõ. mostre
2716 2580 3792 2730 h e. dix dist. bue. ꝑ uo sainte bonte
2714 2687 3691 2790 ꝯ cis uassax a uui mõ cuer ire
2730 2742 3824 2869 k i ma laiens mõ frere emprisõne
2736 2826 3736 2950 s ila rendu dant. soy. le barbe
2736 2890 3803 3044 n el u̾rai mais entrestout mõ ae
2726 2965 3760 3106 e las biau frere ꝯsõmes deseure
2735 3042 3801 3188 a ces ꝑoles ont langarde monte
2735 3120 3601 3256 l i p̃meraĩ qͥ en erent ale
2754 3219 3742 3328 k i ont Guill̾. ⁊ laualois porte
2744 3269 3805 3432 ⁊ toꝰ les mors ⁊ chiaus qͥ st̾ naure
2742 3352 3800 3507 qͥ a doõ. ont cel grant duel ꝯte
2754 3452 3543 3573 o d le lidꝰ sen ale cuer ire
2757 3496 3932 3659 q nͣt il ꝑt chiaus qͥ tant lorent a me
2753 3591 3615 3741 i snelemẽt asõ cõrs ꝯrae
2771 3646 3887 3818 u est .i. haub̾c lace .i. elme gesme
2766 3718 3941 3904 ⁊ chainst lespee au poĩg dor nouele
2775 3859 3719 4008 ⁊ auala du palais les degres
2772 3954 3628 4084 a sõ col pent .i. fort escu liste
2762 4013 3705 4172 ⁊ en sõ poĩg .i. fort esp[i]el plane
2775 4095 3696 4262 d etoutes pars esturmi [l]a chite
4390 621 5257 707 m aĩt olifant ont el palais sonne
4408 683 5436 783 d elauile issẽt poignant tout abrieue
4402 754 5296 846 h astes. resgarde tout le chemĩ fere
4372 824 5415 920 u oit tãte enseigne ⁊ tãt boriois arme.
4354 882 5297 997 ⁊ dos. cheuauce deuãt tous desraes
4354 948 5356 1079 s ire dist hastes. m alem̃t sui menes
4327 988 5229 1147 f rõ. mes freres ÷ laiens pͥs remes
4313 1052 5021 1197 c is chlr̾s q̃ sorcel puis uees
4286 1129 5175 1306 s est malem̃t en u̾s uous esꝓiles
4268 1192 5134 1378 m ort a Guill̾. dõt tant este ires
4250 1265 4925 1428 ⁊ ꝑlui ÷ laualois afoles
4241 1328 5130 1528 l ascedist dos. ꝯsui mal at᷑nes
4213 1383 5229 1623 m ar ui hãstõn e les murs ⁊ les fosses
4200 1442 5202 1691 n ela duchoise ne ses grãs amistes
4173 1519 5243 1786 q nͣt iou pe cia us de cui estoie ames
4212 1747 5306 1927 m ais ꝑla postre ꝯquiert en noirõ pre
4187 1826 5028 1996 i a lẽsera li G̾redons donnes
4336 1891 5365 2054 os. demaience ot mlt̾ le cuer dolant
4185 1976 4328 2131 D
4336 1977 5388 2126 le destͥer broce u̾s. bue. uĩt poignant
4216 2062 5158 2222 .b ue. le uoit biẽ le uaꝯnoissant
4215 2126 5229 2308 a ĩc ne fu mais silies ensõ uinant
4227 2208 5320 2385 e . dix dist . bue . ꝑuo digne ꝯmant
4238 2291 5139 2442 qͥ enla uͥge p̃sis ⁊ char ⁊ sanc
4247 2370 5299 2521 c hi uoi uenir le gloutõ souduiant
4259 2473 5278 2587 m ort amõ ꝑe dont iai le cuer dolant
4272 2521 5252 2671 m ais dix li sires ꝑ sõ digne ꝯmant
4281 2584 5338 2743 m elaist delui prendre tout mõ creãt
4290 2690 5239 2802 a dõt issirẽt tout hors li allemant
4286 2761 5157 2884 ⁊ dans .soy. qͥ le poil ot ferrant
4286 2834 5225 2956 l echemĩ uient a esꝑon brocant
4287 2932 5239 3026 .b ue. leuoit sẽ ale cuer ⟦i̶a̶⟧ioiant
4281 2997 5243 3106 l iuassaus broce arõdel lecourãt
4281 3071 5327 3192 b rãdist la hãste dõt li fers ÷ trenchãs
4268 3142 5266 3274 ⁊ dos. li uient sor fr̾ant galopant
4278 3228 5194 3346 qͥ p᷑ Guill̾. auoit le cuer dolant
4259 3296 5415 3428 g rãs cops se donnẽt sor les escꝰ deuant
4250 3364 5411 3491 d usq̃s es boucles les uõt tout p᷑fendant
4236 3442 5415 3582 l i haub̾c furent [$$$] [$$$] [$$$$$$$$]
4309 3571 5242 3818 q̾ nifourfirent .i. đ. uaillasant
4331 3625 5402 3886 l ances ont roides ⁊ li cheual courãt
4343 3732 5220 3945 ⁊ mautalens ⁊ ires les esprent
4373 3800 5347 4010 i l sentre hurtẽt si orguellousem̃t
4405 3886 5352 4054 k il sẽtreportent sor lerbe u̾doiant
4422 3922 5456 4117 c asꝯs saut sus ⁊ t [r]ait tout nu lebnͣc
4422 4013 5492 4222 g rãs cops se dounẽ t [$o]r les escus luisans
5605 577 6600 698 b ue. fu fors ⁊ dos. fu mlt̾ poissans
5590 680 6769 783 s i sentrefierẽt ꝑ mlt̾ grant maltalant
5590 752 6787 852 d esor les h[i]aumes seuont tout estõnant
5578 834 6633 937 d os. ot .i. hiaume qͥ fu le roy braim̃t.
5570 893 6640 1015 f ees le fisent ens en lisle morgant.
5584 979 6479 1076 d esor uꝯble el cercle deuant
5574 1047 6654 1160 l a seelerent .i. des dens. s̾. uincant
5570 1120 6613 1251 h ons qͥ le porte enbataille pesant
5570 1210 6658 1333 n ara ia garde ꝑnul hõme uinant
5572 1284 6714 1387 s il nest ꝑiures ou le cuer nam̃tant
5575 1375 6451 1463 .b ue. ifiert ꝑ itel ꝯuenant
5569 1442 6763 1553 q̾ flors ⁊ pieres enua ius tresbuchant
5559 1510 6486 1618 ⁊ lescopache ⁊ bericles luisans
5568 1587 6681 1695 i a fust ochis neust de mort garant
5560 1656 6742 1768 q nͣt dos. enbrõce le u̾t elme luisant
5574 1741 6722 1845 l a chiers fu listes lespee ua coulant
5579 1814 6626 1913 d esor lespaule en laub̾c iasserant
5575 1898 6660 2004 d esci cas os liua lachar trenchant
5567 1971 6666 2077 d emlt̾ ꝑfont enfait sallir le sanc
5575 2046 6799 2155 q nͣt le uoit dos. mlt̾ ot le cuer dolant
5562 2108 6812 2240 l a targe enbrõce ⁊ tint tout nu lebnͣc
5593 2207 6600 2318 ꝑ ire fi[ers] fiert. bue. le uaillant
5593 2285 6684 2388 e spee ot bõne dela forge galant.
5599 2364 6684 2470 ⁊ lidus . bue. atrait lescut auant
5574 2439 6499 2553 .d os. iferi ꝑitel couuenant
5584 2524 6678 2630 q nͣqͥl ataint ua ꝯtre ual rasant
5574 2584 6749 2702 l icaus descẽt desor liaume luisant
5584 2669 6439 2775 q̾ li dõna .io. au uif franc
5599 2745 6648 2847 a icel iour q̃le li chaĩst le branc
5588 2816 6676 2934 i l na mellor iusqͣ lille au gaiant
5608 2899 6466 3017 .i. l ni for fist .i. đ. uaillisant
5611 2974 6648 3092 e n u̾s lespee ua mlt̾ resortissant
5611 3053 6769 3162 u ne gnͣt toise tãt ꝯ .dos. ot de grant
5739 3133 6772 3251 os. de maience fu form̃t irascus
5547 3163 5721 3324 D
5725 3210 6722 3328 qnͣt il choisi q̃ li caus fu ꝑdus
5602 3292 6711 3407 q nͣt li caus na . bue. tout ꝯfondu
5617 3361 6654 3485 a ĩs a duc. bue. duc doõ. referu
5620 3443 6648 3546 d e sor le ꝯble desõ hiaume agu
5605 3513 6590 3621 qͣ genoillons la oupre abatu
5610 3591 6636 3709 l a leust mort qnͣt il fu secouru
5638 3670 6554 3788 b ue. le tollẽt ꝑforce ⁊ ꝑ u̾tu
5638 3742 6678 3872 u oit li lidus ainc si dolans ne fu
5641 3833 6642 3939 e stes le uꝰ uers arondel. couru
5644 3909 6612 4021 e ns enla selle ÷ saillis ꝑ uertu
5644 3966 6763 4114 e s uous Guion. ⁊ soy bant. le kenu
4629 4392 4826 4538 49F
6704 331 7039 480 CCCCLXXXXI
6939 453 7080 585 491
