8278 5442
1454 695 2491 834 l i frans dus . bue. lesalua p̾miers
1428 775 2458 916 d ix saut les freres ⁊ toꝰ les chlr̾s
1424 852 2482 967 ⁊ dix uꝰ gart amis dist li p̃miers
1414 937 2451 1043 q̾ s hons estu ie sui .i. prisõniers
1442 1015 2382 1118 e scapes sui. braid̾. la uresier
1433 1070 2372 1192 ꝑ la uretu au glorieus du ciel
1434 1133 2599 1265 k itoꝰ mes fers me fist ius tresbuchier
1427 1221 2521 1336 s ina menai sõ bõ courant destͥer
1442 1284 2506 1417 u est ihrl̾m mi saries en saignier
1448 1366 2536 1496 ⁊ cil respondẽt prendes a esploitier
1433 1433 2435 1573 i a le u̾res sesties enche rochier
1433 1510 2521 1637 ⁊ li dus. bue. aprochie le destrier
1433 1587 2562 1714 i usqͣ langarde nia resne saghiet
1442 1655 2317 1795 d e ihrl̾m a choisi le clochier
1442 1736 2508 1863 e nmi sauoie enꝯtra .i. paumier
1442 1818 2390 1954 i lle salue du glorieus du ciel
1445 1889 2421 2022 qͥ lli enseigne ⁊ le pont ⁊ le bies
1442 1972 2494 2104 d ecel. s̾ . flun u dix fu baptisies
1446 2049 2476 2185 u ees le la li paumiers respondie
1445 2125 2542 2255 ⁊ lenfes .bue. descendi du destrier
1445 2194 2600 2324 o ste ses dras tous nus sest despoillies
1434 2286 2549 2403 d edens le flun senua errãt baign̾
1446 2362 2399 2494 p᷑ la u̾mĩne q̃ il ert entoukies
1451 2426 2571 2553 d el serpentine dõt il ert en toukies
1456 2507 2458 2648 e nla prison braid̾. la uresier
1459 2580 2617 2707 l ors fu plꝰ sains q̃ poissons deuiuier
1446 2666 2626 2770 t ourse ses armes ⁊ remonte u destͥer
1474 2734 2508 2857 u̾ s ihrl̾m ꝯmenche aceuauchier
1451 2798 2630 2925 i l est uenus droitem̃t au mostier
1446 2884 2630 3006 l i patriarches estoit au. s̾. mestier
1442 2965 2630 3079 l a messe chante ⁊ deuoit preechier
1487 3047 2636 3138 ⁊ lenfes .bue. descendi du destrier
1478 3120 2571 3224 a .i. anel la tacha sans targier
1475 3195 2642 3313 s espee atache asõ archon premier
1493 3277 2563 3377 p᷑ oir messe est entres u mostier
1466 3364 2639 3458 .b ue. na uoit ne maille ne denier
1487 3437 2575 3534 a ĩs a offert sõ uert elme dachier
1451 3496 2635 3609 l a lettre pert ens u ciercle dormier
1469 3569 2630 3696 q̾ cestoit hiaumes. braid̾. la uresier
1483 3655 2639 3764 l i patriarches ꝯnut biẽ la uresier
1469 3732 2503 3841 l ors demanda au baron chlr̾
1472 3800 2584 3912 qͥ li dõna che uert elme dachier
1472 3878 2612 3999 s ire dist .bue. ie sui .i. prisonniers
1478 3966 2545 4075 d e la prison .i. turc escapai ier
1475 4045 2500 4178 R oy. braid̾. qͥ diu na mie chier
2581 616 3507 786 seli toli sõ bon courant destrier
2608 680 3401 861 ⁊ se lifis u̾ser sor .i. rochier
2594 716 3565 947 s iq̃ le branc li fis du poing glacier
2594 784 3606 1029 i ete semons auuec moi au mengier
2617 857 3678 1097 s ire dist . bue. iẽ ai młt grãt mestier
2621 916 3669 1170 i e ne uic paĩ biẽ a .iii. iours enciers
2630 979 3655 1224 a pres la messe sen ua. bue. lifiers
2619 1070 3519 1306 ⁊ sest ales le sepulcre baisier
2630 1097 3714 1392 ⁊ au .s̾. tẽple q̃ gardent lu[$]emplier
2648 1362 3814 1492 l a ostri .bue. sõ bõ courant destrier
2648 1414 3876 1573 t outes ses armes fors q̃ son branc dach̾.
2648 1492 3737 1623 ⁊ cil la t᷑nent aguise de paumier
2653 1578 3782 1696 c ape poscane li donnẽt iusq̃s pies
2663 1647 3625 1756 e spie ⁊ paumes ꝯ chlr̾ proisie
2662 1732 3764 1845 l i patriarches li dõna amengier
2672 1798 3615 1910 ⁊ une mule ⁊ .c. ẜ . de deniers
2648 1882 3787 1990 s ile rassaut de trestous ses pechies
2645 1965 3815 2067 .b ue. dõnerent .xx . lib̶ li templier
2645 2034 3748 2146 .iii. iors seiorne dus. bue. li prisies
2672 2101 3703 2231 p iꝰ est mõtes sor le mulet corsier
2663 2176 3706 2300 d essi qͣ acre sest mis au repairier
2651 2264 3776 2379 qͥ le deuoiẽt outre lamer nagier
2657 2324 3839 2445 m ais .i . orages li fist grant en ꝯbrier
2669 2412 3806 2527 qͣ plaine terre les ꝯuint repairier
2654 2476 3745 2615 .b ue . remonte desor lemul corsier
2663 2569 3724 2687 s i est entres ensõ chemĩ plenier
2667 2630 3860 2775 d e ses iornees ne uous uuel acointier
2678 2708 3706 2832 t ant a lienfes erre ⁊ cheuaucie
2662 2766 3796 2929 qͥ uoit mõ brãc qͥ desor gloire siet
2662 2852 3574 2988 .u ne cite roi .yuorin . le fier
2684 2929 3842 3080 a la uesprer entra ens u marchie
2690 3014 3779 3138 ⁊ la roine reuenoit du mostier
2681 3071 3848 3219 e nsa ꝯpaĩgne quatre uins chlr̾s
2690 3156 3830 3304 ⁊ bõne foi son cambrelaĩ prisier
2687 3222 3836 3367 d euãt lui maĩne arondel le corsier
2684 3301 3839 3443 q̾ sans celui ne uaut aler plaĩ pie
2684 3386 3906 3525 t ant la ladame p᷑ le duc .bueuõ . chier
2689 3460 3769 3605 .b ue. resgarde si ꝯnut le destrier
2689 3532 3764 3696 m ais la roine nele reꝯnut riens
2680 3641 3746 3832 a ĩs sa procha du cortois escuier
2687 3727 3809 3918 a mis biax freres ⁊ cui est cis destͥers
2678 3818 3679 3972 s ire dist il. iosienne. au uis fier
2684 3891 3761 4060 k a fẽme prist rois .yuorĩs. lautrier
2681 3969 3715 4120 b ons ÷ ⁊ biax sila m̾ueilles chier
2675 4054 3682 4196 n el uolt dõner le roy ne otroiier
4427 594 5198 743 t ant form̃t laĩme p᷑ .i. sien chlr̾
4417 711 5261 802 .b ue. lentent not en lui qua itier
4422 766 5284 884 s ous sõ capel ꝯmencha abrõ chier
4404 857 5261 956 s isapoia au bourdon de quartier
4377 902 5375 1024 d u duel qͥl ot ꝯmenche alarmoier
4372 970 5502 1102 h e. dix dist il qui puet fẽme engingnier
4363 1033 5229 1165 d am᷑ de fẽme qͥ se porroit gaitier
4363 1092 5365 1251 n a pas .uii. aus ⁊ .i. seul mois entier
4354 1147 5302 1337 q̾ la roine auoit mõ cors plus chier
4336 1219 5202 1401 q̾ le nauoit hõme qͥ fust sous ciel
4327 1287 5202 1473 o ruoi sa m᷑ a un autre apoiier
4322 1355 5270 1560 p᷑ sa richoise li uoi mamour laissie
4300 1419 5302 1650 c hies .i. bourgois .ua. bue. h̾bregier
4286 1478 5148 1696 s a mulle fist richem̃t a aisier
4272 1532 5270 1814 s õ lit fist faire si sest ales couchier
4241 1777 5284 2027 n e pot la nuit ne boire ne mengier
4281 1882 5284 2099 t ant lenseust ses ostes bel proiier
4259 1954 5229 2172 d usca demaĩ q̃ il dut esclairier
4295 2036 5238 2240 qͥ l uolst lamesse oir a.i. mostier
4272 2113 5238 2317 l a ou aloiẽt li preudoume ꝓiier
4300 2190 5255 2376 a pres la messe se prist au repair̾
4302 2279 5269 2445 g arde ⁊ choisi la tour ⁊ le rochier
4300 2358 5143 2521 u oit .yo. as fenestres ou siet
4304 2417 5302 2580 e scauelee descauche tous nuspies
4304 2489 5492 2666 l achar ot blance ꝯme flour dẽglentier
4327 2575 5343 2748 c oulor u̾meille ꝯme rose de rosier
4327 2657 5184 2798 n ot auuec li seriant niescuier
4332 2742 5121 2875 .b ue. le uoit sile reꝯnut bien
4331 2757 5406 2938 h e. dix dist .bue. urais glorieus du ciel
4318 2879 5198 3029 l auoi la dame qͥ me fist chrl̾
4336 2947 5397 3088 ⁊ qͥ me chaĩt au flanc le brãc dach̾
4354 3038 5343 3156 s or me faisoie oltre lamer nagier
4327 3106 5397 3233 q̾ ne me laisse ama dame acointier
4354 3201 5397 3310 m lt̾ ideuroie auoir grant reꝓuier
4341 3268 5145 3377 u̾ s le palais sen ua li chlr̾s
4445 3301 5356 3451 armi mõ branc pͥst. bue. aaler
4309 3337 4434 3514 P
4440 3410 5483 3532 u̾s la gnͣt tour ꝯmence aresgarder
4354 3469 5107 3614 u it .yo. asfenestres ester
4345 3523 5352 3700 e scauelee toꝰ nus pies sans solers
4384 3682 5393 3984 b iẽ fu uestue dũ paile doutre mer
4427 3737 5437 4045 p lꝰ bele fẽme ne puet nus resgard̾
4436 3847 5270 4081 n õ ne seust plus bele deuiser
4490 3879 5431 4154 c e fu en may litans ÷ biax ⁊ clers
4482 3981 5393 4209 c il bos foillisent ⁊ u̾doient cil pre
4524 4049 5492 4303 c es douces iaues traient a lor canes
5556 637 6566 743 c il oissellon ne fisent de chanter
5561 702 6640 816 ⁊ ces puceles ont bon deduit damer
5556 780 6418 897 c il chlr̾ alor armes porter
5556 857 6236 979 ⁊ .yo. neseset ꝯforter
5561 925 6599 1038 l am᷑ .bue. ne puet entroublier
5561 1002 6545 1111 a ĩs sa poia aual deuers lamer
5561 1065 6685 1179 .i. uens de france li ꝯmenche auenter
5547 1129 6631 1260 ⁊ la royne se prent adementer
5542 1206 6631 1333 h e. bue. amis trop faissies aamer
5529 1292 6595 1419 l a urẽ am᷑ ne puis entroublier
5524 1365 6595 1487 o ries enfrance aioie entõ regne
5547 1442 6522 1569 ⁊ assaissies tes grandes iretes
5538 1510 6704 1650 u engier tõ pere tõ parrastre as tue
5524 1596 6572 1727 s a fẽme prise tout ata uolente
5547 1664 6631 1804 d etout en tout as mõ cors oublie
5542 1736 6617 1882 ⁊ iai tesarmes ⁊ tõ destrier garde
5551 1823 6604 1963 l i rois mes ꝑes amõ cors marie
5542 1886 6617 2036 a . yuorĩ. mais cest outre mõ gre
5556 1977 6531 2113 m ais iou tauoie ⁊ pleui ⁊ iure
5556 2049 6450 2194 q̾ ie feroie detoi mõ auoue
5570 2122 6631 2253 a sses sui riche ⁊ dargẽt ⁊ dor cler
5574 2194 6676 2349 d e grãs castiaus de bours ⁊ de cites
5588 2267 6808 2421 d e gnͣs riuieres ⁊ de grans pors sor mer
5583 2353 6767 2503 d euair de gris de pelichous en goules
5583 2426 6767 2584 m ais mix amaisse auoir uos pouretes
5579 2503 6735 2662 d ix cor ne puis .i. message trouuer
5579 2575 6735 2743 e ncui mosasse demes amours fier
5601 2648 6649 2825 ꝑ cui fesisse le duc. bue. mander
5606 2725 6740 2893 q uil amo branc uenist amoi ꝑler
5615 2802 6694 2965 e . uens de france q̃ tu uẽtes souef
5606 2884 6812 3042 t u uiẽs du regne ou mes amis ÷ nes
5623 2965 6811 3123 p᷑ soie amour te uuel mlt̾ hõnerer
5624 3029 6758 3206 e stent ses bras sel prent a acoler
5619 3111 6744 3278 o uuri sõ sain le uẽt ilait aler
5629 3192 6699 3369 p᷑ le dansel ꝯmencha aplourer
5633 3274 6699 3442 e s uꝰ. bue. umonte les degres
5624 3346 6753 3510 m agres ⁊ pales ⁊ las ⁊ des carnes
5619 3423 6518 3591 d ela prison uilatant este
5624 3437 6776 3668 d es nuis ueillier ⁊ des iours iuner
5633 3578 6667 3741 ⁊ des froidures q̃ il ot endure
5633 3646 6776 3813 t rueue la dame qͥ as fenestres ert
5642 3723 6713 3904 i lle salue car mlt̾ sot biẽ ꝑler
5674 3795 6713 3968 c is dix qͥ fist ⁊ ciel ⁊ tr̾e ⁊ mer
5697 3881 6713 4036 ⁊ iauue douce ⁊ le poisson uoer
5696 3963 6681 4148 ⁊ fẽme ⁊ hõme ⁊ uenir ⁊ aler
6581 267 7012 439 CCCCLXXUIIII
4803 4562 5043 4784 37F
6880 399 7048 580 479
