8279 5274
4489 430 5403 566 n enꝑdres ia uailllisont une poume
4471 474 5438 619 s oy. li bers est durement preudoume
4460 553 5315 664 b ue. amort qͥ ort oir dehantonne
4431 619 5403 738 pͥ st une piere du pesant dune sõme
4442 698 5122 821 s eli loia au col a une fonde
4425 777 5157 892 p iꝰ le ieta enblaue la ꝑfonde
4425 852 5284 962 o rsi uꝰ mande ur̃e amie lablonde
4401 922 5346 1028 m andes uo gent entour alareonde
4392 988 5346 1103 o d le doon. sigrant ioie not onq̃s
4379 1067 5491 1182 ⁊ fait mander tout sõ barnageadonq̃s.
4458 1138 5394 1274 os. demaiẽce a grant ioie menee
4348 1142 4466 1309 D
4449 1221 5254 1336 de la nouelle q̃ Guilł. a contee
4361 1274 5196 1410 q̾ lenfes .bue. asa uie sauuee
4361 1336 5341 1494 m ais il mient nest pas si destinee
4348 1384 5170 1569 a ins ara do delui tele colee
4326 1460 5302 1665 e nsõ uiuant ne lauera sauuee
4308 1621 5328 1854 d os. demaiẽce asa gent asamble[e]
4332 1705 5381 1916 i usqua hãtonne niõt fait arestee
4333 1797 5262 1990 ⁊ la male est du tout aseuree
4365 1887 5262 2061 r ichemẽt est ⁊ uestue ⁊ paree
4355 1955 5311 2135 b iẽ alasale ꝑtoute englaiolee
4344 2030 5368 2225 i lnia cambre ne soit encourtinee
4357 2113 5438 2289 t oute asagent ⁊ semonse ⁊ mandee
4392 2193 5438 2364 n ẽ niuient nul qͥ nait bonne soldee
4379 2276 5447 2430 a ucũ deniers u grãt mule afeutree
4379 2346 5363 2518 m lt̾ a rikeche departie ⁊ donnee
4387 2434 5363 2579 g rãt couoitise est au siecle donnee
4387 2516 5442 2645 q uãt est lamors de Guion. oubliee .
4396 2579 5434 2720 t out p᷑ lauoir de chiax desa ꝯtree
4401 2658 5407 2795 qͥ grãt amour lianoiẽt mostree
4413 2745 5336 2856 a .i. mostier ont la dame menee
4401 2818 5327 2927 d o demaience la illuec espousee .
4387 2891 5289 3010 g rãs est laioie enla sale pauee
4396 2984 5262 3094 c il iougleor ne lont mie celee
4404 3064 5374 3161 m aĩte uiele iont lors atempree
4401 3129 5434 3252 l iiors trespasse sire uint lauespree
4502 3217 5359 3331 rans fu la ioie ⁊ li bruis ⁊ li hus
4392 3215 4508 3370 G
4502 3287 5284 3397 sus u palais qͥ a or est listus
4405 3344 5152 3463 ⁊ bue est de son ostel issus
4387 3410 5302 3577 [$] elmois soy. q̃ nus ne la sens
4477 3554 5343 3832 a une [$$$$]te [$ar] apoues dumur
4519 3595 5377 3915 h e las dist il chaitis q̃ feras tu
4541 3696 5308 3942 q nͣt tu ce pers qͥ aton pere fu
4568 3757 5390 3995 m a male mere matrai ⁊ uendu
4572 3819 5438 4065 m ix en uueil estre ochis ⁊ ꝯfundus
5847 242 6224 355 dun baston
4502 241 5693 470 Ensi q̃ buenonnes uint en le sale ferir len para[l]
5553 386 6704 501 q̾ li [$] enges nẽ soit mostres lassus
5566 448 6669 575 p [$]e[$] t.i. baston. qͥ deuant lui iut
5544 531 6678 650 .ii. a[$$$es] [$$]t li bastons uoire ⁊ plus
5570 619 6656 725 d e ios l[e]gr[$]ulle lenpoigne ꝑ uertu
5548 690 6674 795 i us du palais illuec sest arestus
5561 760 6674 865 ꝑ les de gres sest amont puies sus
5555 830 6674 944 l ors uoit laioie ains sidolans ne fu
5548 905 6436 1032 d oon. seoir adois aor batu
5557 988 6625 1107 s amere baise ⁊ souuent ⁊ menu
5583 1072 6687 1186 p res ne li est li cuers deduel fendus
5733 2166 6814 2294 ienfes monte sus u palais plenier
5561 2100 5733 2386 L
5742 2241 6599 2373 a.i.piller sest ales apoiier
5623 2307 6801 2461 e nsamaĩ tint .i. baston depumier
5627 2390 6753 2527 ⁊ uoit astables maint baron chlr̾
5614 2465 6709 2601 d e riche mes le seruiee esforchier
5640 2535 6775 2672 o it ces iouglers chanter ⁊ fabloier
5636 2623 6551 2746 ⁊ uoit samere doon baisier
5640 2694 6814 2825 l ors atel duel le sens cuide cangier
5640 2773 6762 2896 i l iure diu qͥ tout puet iustichier
5654 2852 6766 2992 qͥ l nelairoit p᷑ lateste atrenchier
5667 2931 6858 3063 l amort sõpere ne liuoit calengier
5654 3001 6854 3155 d euãt la table sarest a u planchier
5664 3102 6699 3228 d ales doon . sist li dus berengier
5658 3151 6850 3305 f ouq̃s. de pise ⁊ Guis. demont armier
5671 3243 6696 3379 q ñs psalemons ⁊ le uesq̃ renier
5671 3313 6696 3454 t ãt iot gent q̃ neles ai prisier
5654 3384 6696 3529 s ign᷑ barõ dist bue. au uif fier
5676 3454 6674 3603 c lerc ⁊ ꝓuoire barõ ⁊ ceualier
5680 3537 6674 3678 ⁊ .i. ⁊ autre qͣsees au mengier
5689 3621 6656 3753 p orres uꝰ dont ce dire ⁊ iugier
5688 3685 6977 3844 q̾ fẽme doiue nul iour dechar mengier
5711 3776 6848 3929 n e messeoir neentrer en mostier
4915 4307 5122 4513 24F
6792 145 7113 298 CCCCLXUI
7027 249 7177 351 466
