8279 5274
1380 577 2508 750 c ui[d]e q̃ laint mlt̾ ia grant fianche .
1468 637 2484 804 uis . de hãtonne fu en son lit couchies
1317 726 1472 874 G
1472 729 2343 887 ki fu a orfrois ⁊ a cristal taillies
1371 804 2290 962 l eis sa moillier qͥ le cors a legier
1377 879 2426 1019 qͥ li uauroit auoir le cuer trenchie
1376 940 2352 1103 e lle la raisne se li dist par faintie
1389 1019 2376 1163 m al ai u cief forment lai des haitie
1384 1098 2413 1265 i e memorrai ꝑ .iii. nuis lai songie
1389 1191 2193 1327 e n un moi o el a este asaie
1415 1259 2493 1397 e n une truite me uiẽt cest enꝯbrier
1406 1344 2414 1459 q̾ ur̃e keus me donna amengier
1393 1380 2580 1542 l i maus traitres quẽ prisonna lautrier
1403 1497 2247 1614 q nͣt il aloit le tresor espiier
1412 1558 2388 1673 ⁊ moi ⁊ uous uoloit amort iugier
1389 1608 2563 1762 i e le ferai pendre ⁊ au uent encruchier
1418 1714 2549 1842 e nseignie mest aceler ne uous kier
1406 1804 2514 1919 q ua son preudome se doit on ꝯseillier
1418 1886 2388 2001 ⁊ il redoit sa preudefeme aidier
1421 1954 2514 2071 e n cuir de chierfs de nouuel escorchie
1424 2021 2614 2141 c audet ⁊ tennene ains q̃ fust refroidies
1406 2096 2651 2237 l e cuer du uentre aĩs que fers lait toucie
1433 2200 2288 2300 ⁊ sus eusse ⁊ dormi ⁊ mengie
1415 2263 2484 2382 l i maus du cors me seroit alegies
1420 2338 2396 2461 c he me dist cil qͥ le ma enseignie
1402 2421 2523 2540 d e uous meismes lestuet estre cachie
1418 2505 2578 2607 c ar sil ert ia dautre hõme pourcachie
1420 2579 2572 2694 n e uauroit riẽs che uꝰ di sans faintie
1402 2650 2492 2746 d ame dis Guis . iou sui ioianc ⁊ lies
1424 2727 2394 2818 c ar uꝰ lares il niert ia delaies
1424 2804 2444 2897 a ĩs en iroie p᷑ la uostre amistie
1415 2888 2508 2997 de. s̾. mikiel . iusca mont de mongie
1412 2982 2435 3070 o u en escoche a .s̾. andriu . apie
1403 3050 2411 3140 q̾ uostre mal ne soit asouagies
1421 3126 2564 3234 e lle lentẽt grãt merchis lenrendie
1420 3203 2369 3313 ꝑ grãt faintise ale ꝯte baisie
1427 3287 2432 3381 a u matinet qnͣt il dut esclarie
1424 3360 2564 3457 G uis. de hantõne sest uestꝰ ⁊ cauchies
1433 3428 2526 3545 ⁊ chaĩt lespee au poĩg dor entaillie
1415 3498 2361 3612 l ecor au col qͥ est a or loiies
1412 3586 2526 3691 m aĩne .uii . kiens qͥ bien st̾ afaitie
1415 3669 2448 3784 u cheual monte si apris .i. espiel
1433 3756 2578 3850 d e ses barõs maĩne les plus prisies
1402 3806 2589 3929 b iẽ furent .xx. ne st̾ pas haubregie
1406 3896 2520 3996 m ais les blians ouure a or taillie
1415 3964 2668 4157 d e hantõne issent tout le chemĩ rengie
2611 492 3543 650 d usca ardenne ne se st̾ atargie
2633 571 3548 720 ⁊ ont .i. chierf esmeu dũ plaisie
2616 637 3534 804 p᷑ sa moillier qͥ len auoit prue
2624 707 3473 861 ⁊ elle la ⁊ trai ⁊ enginnie
2620 773 3442 966 .i. message a adoon . enuoie
2629 826 3521 1032 i l uint alui dit lia ⁊ nonchie
2649 911 3683 1104 q̾ Guis. cachoit or gart qͥl soit cachies
2655 993 3648 1189 t ant q̃ il soit ochis ⁊ de trenchies
2791 1046 3688 1243 os. de maiẽche ale mes entendu
2628 1165 2803 1340 D
2805 1120 3688 1322 mlt̾ en est lies ⁊ ioians deuenus
2673 1182 3732 1402 d ist a ses hõmes franc baron ꝯueu
2677 1278 3684 1481 o rtost asarmes ne soies esperdu
2686 1371 3539 1547 ⁊ il si font nesi sont arestu
2690 1393 3794 1661 u estent haubers lacent elmes agus
2695 1441 3926 1727 c haĩgnent espees as brũs coutiax molus
2699 1533 3882 1810 e s cheuax montẽt alor cols lor escus
2721 1740 3948 1911 a tãt sentornent tous les galos menus
2708 1854 3816 1977 t ãt ont les uoies ⁊ les galos tenus
2699 1946 3877 2061 l es esclos truenẽt de Guion. le kenu
2716 2030 3654 2130 o ient la noise ⁊ le cri ⁊ le hu
2722 2112 3801 2212 k en la forest est li chierf retenu
2703 2184 3644 2302 ⁊ li kien lont a force retenu
2710 2264 3759 2361 m aintenant lont ꝯtre t̾re abatu
2713 2344 3918 2455 G uis . de hantõnes est ẽpies descendus
2717 2421 3750 2527 ⁊ asachie le branc dacier molu
2728 2502 3818 2604 ⁊ uint as kiens le cierf lor a tolu
2716 2581 3704 2683 a tant es uꝰ ses ueneors uenus
2716 2645 3897 2760 d os. de maienche ne se tint mie mus
2722 2733 3888 2830 e n haut ꝑole mais ainc ni ot salus
2713 2801 3859 2915 G uis. de hantõne mal uꝰ est auenu
2699 2878 3750 2988 c ar de mõ pere me fesis irascu
2712 2953 3706 3080 t uli tolesis le cief desor le bu
2731 3023 3932 3155 R aoul.mõ oncle getas mort estendu
2719 3111 3798 3228 m ais ꝑ celui qͥ u ciel fait uertu
2717 3160 3970 3322 uu i. ert li iours qͥl tiert mlt̾ chier uendu
2722 3272 3713 3384 n ẽ ꝑtiras sans estre ꝯfundus
2719 3322 3932 3460 q nͣt Guis. lentent tous en est esꝑdus
2721 3401 3811 3551 i snelem̃t monte u destrier crenu
2730 3476 3882 3621 ⁊ asachie le branc dacier tout nu
2734 3581 3873 3801 d ist ases hõmes car uꝰ traies ensus
2721 3683 3671 3828 c ar foi q̃ doi le glorieus iesu
2728 3765 3592 3896 n ia celui se la tains sor lescu
2723 3852 3671 3986 q̾ ne li toille le cief de sor le bu
2707 3927 3574 4056 u ns chłrs liest sore courus
2699 4006 3662 4206 ⁊ Guis. le fiert ꝯhons aꝑcheus
4458 465 5210 602 l escu du col lia fraint ⁊ fendu
4445 544 5196 659 ⁊ le haub̾c desmaillie ⁊ rompu
4416 649 5134 735 ꝑ mi le cors li met le fer ag[u]
4414 718 5315 795 m ort le trebuche en mi le pre herbu
4401 775 5385 870 p uis fiert.i. autre desor liaume fondu
4401 832 5207 943 q̾ ne li uaut le pris de .ii. festus
4374 865 5412 1028 i uscau menton la trestout pour fendu
4369 961 5380 1095 m ort la bati de sous les arbres foillus
4366 1037 5210 1163 p lus de .lx. lensont sore couru
4354 1107 5418 1256 G uis. desfent soi ꝯ hons de grãt uertu.
4404 1177 5430 1336 uis. de hantõne li uiex chemis barbes
4390 1248 5430 1423 tint le brãc nu au poing dor nouele
4286 1278 5174 1503 b iẽ se desfent ꝯuassaus adures
4295 1437 5363 1683 m ais sa desfense ne uaut .ii. ans peles
4308 1551 5179 1758 c ar il fu tons seus ⁊ desarmes
4322 1605 5348 1822 n ot q̃ .xx. hõmes auuec lui amenes
4317 1700 5302 1907 ꝑ iaus niert ia garandis ne tenses
4326 1775 5320 1960 c ar il st̾ .c. auers hiaumes gesmes
4340 1866 5242 2036 qͥ Gui. asallent enuiron ⁊ enles
4321 1938 5240 2131 i l sedesfent ꝯme prens ⁊ senes
4346 2039 5201 2179 .uii. enamors ⁊ .u. ena naures
4349 2083 5342 2250 m ais młt tost fu atour auirõnes
4352 2157 5355 2338 l ancẽt li glaiues ⁊ fausars acheres
4348 2237 5385 2408 e ntre ses cuisses ont son cheual tue
4375 2346 5415 2475 o rest quẽs Guis. a terre en mi le pre
4370 2412 5359 2553 i l sailli sus ꝯ hons de grant fierte
4387 2484 5430 2610 e nsõ puĩg tint le branc dac̾ lettre
4375 2569 5316 2686 c ui il ataint tost a son tans fine
4384 2631 5330 2748 d os. demaienche ale cheual hurte
4361 2720 5223 2812 ⁊ trait lespee siest auant ales
4365 2777 5227 2883 i l li escrie uiellars niduerres
4381 2853 5377 2971 u n cop li dõne ꝑ mlt̾ grant poeste
4365 2927 5306 3045 l adestre espaule lia du cors seure
4352 3001 5359 3120 G uis. de hantõne est aterre uerses
4348 3100 5166 3195 l i doi ne ueu doon isont ale
4336 3175 5416 3331 t out maintenant liont letief colpe
4313 3261 5284 3533 d ix en ait lauie li rois de maiste
4352 3366 5130 3612 ꝑ samoilł est mors ⁊ de uies
4372 3431 5258 3674 ꝑ male fẽme ce saches de uerte
4390 3467 5456 3748 e st maĩs preudons hõnis ⁊ u̾gondes
4418 3564 5311 3810 d os. ⁊ sa gent st̾ arriere tourne
4436 3630 5333 3885 d usca maienche ne se st̾ areste
4449 3704 5429 3955 e nla forest furent li mort remes
4471 3810 5333 4008 l i chłr dant Guion. le menbre
4458 3885 5415 4096 o nt mlt̾ le duc ⁊ plaint ⁊ regrete
4277 1169 4427 1344 G
5544 435 6599 584 s a grãt ualour ⁊ sa grant nobilite
5544 505 6493 663 m lt̾ st̾ mari quil furent desarme
5548 571 6568 738 d roit ahantõne en ont le cors porte
5539 641 6595 808 d e ses gens fu asses plains ⁊ ploures
5539 716 6436 870 ⁊ samoill̾ le plaint ꝑ faussete
5544 795 6366 949 i snelem̃t fu li cors enteres
5547 858 6655 1022 g rãs fu li diels mais mlt̾ petit adure
5539 922 6656 1098 d ix or est bueues. en młt grant offrete
5539 1010 6533 1182 e nsõuiuãt ne cuic quẽ soit ostes
5550 1110 6511 1265 a ĩs q̃ li mois fu aꝯplis ne passes
5535 1173 6507 1327 d os. ⁊ la dame ont ensamble ꝑ le
5539 1243 6498 1415 e n .i. uregiet belement ⁊ sonef
5539 1318 6568 1476 c los fu entour de murs ⁊ de fosses
5544 1402 6445 1560 d os. ⁊ la dame se sient les ales
5548 1472 6463 1621 d e sor .i. paille qͥ fu aor ouures
5557 1538 6595 1705 l i arbre u̾doiant sont ⁊ biẽ rame
5557 1617 6617 1788 f romõs. ⁊ hate. ont ce plait p᷑parle
5557 1714 6493 1872 d oi traitour qͥ aient mal de he
5575 1779 6599 1938 l a dame aprimes doon. araisõne
5570 1872 6551 2021 t ãt est hastiue ne coile son pense
5566 1933 6577 2122 c e dist la dame p᷑ chou uꝰ ai haste
5576 2030 6631 2185 q̾ de moi estes młt duremẽt ames
5597 2100 6559 2276 n esai p᷑ coi uous doiue estre cele
5600 2185 6611 2346 a ĩc puis de moi ne fustes oublies
5603 2259 6634 2414 q̾ ie uꝰ ui desous couloigne espres
5600 2346 6476 2487 q̾ ochesistes anseys le barbe
5605 2404 6581 2562 ⁊ mõ seignor Guion . o chis aues
5610 2474 6704 2637 t out li mesfais uꝰ soit chi ꝑdonnes
5610 2549 6682 2724 t rop ert uiex hons porris ⁊ assotes
5614 2619 6625 2799 d e moie part cuites estes remes
5623 2685 6677 2856 ꝑ tel ꝯuent camoilł me prendres
5624 2797 6568 2953 i e uꝰ dõrai toutes mes iretes
5629 2859 6526 3006 m lt̾ ai auoir ⁊ si sui bele asses
5632 2913 6740 3094 u oies mes flans ꝯtreual mes costes
5644 2991 6804 3161 k i plus st̃ blanc q̃ la flours ens u pre
5636 3063 6731 3243 u oies ma bonce qͥ plus flaire sonef
5650 3155 6681 3313 q̾ chitouans ne enchens enbrases
5656 3220 6740 3395 d ame dist dos. ur̃e merchis ⁊ gres
5640 3291 6691 3476 t ost fust la faire demoi creantes
5654 3379 6744 3551 m ais Guis. est mlt̾ de riche parente
5662 3450 6639 3621 ⁊ uꝰ meismes .i. enfant en aues
5676 3527 6708 3703 e n fechons. bueue. issi est apeles
5667 3612 6590 3801 q̾ mo chiroit si uenoit e[n] [a]es
5794 3661 6814 3863 ame dist .dos . chi aplait auenant
5626 3774 5801 3951 D
5803 3740 6845 3981 iou le fesisse dut[ou]t demaintenãt
4856 4242 5043 4427 21 f
6685 177 7017 290 CCCCLXIII
6959 263 7125 413 463
